1945 3260
844 204 899 213 -.
960 183 987 223 9
1044 203 1101 212 .-

225 330 228 333 ,
325 290 410 336 Sed
440 291 747 350 adgrediamur
773 291 829 337 ad
860 306 956 338 eam
968 306 1060 338 rem
1076 290 1384 350 explicandam,
1412 295 1592 351 propter
1619 307 1748 351 quam

186 366 278 408 tota
311 363 388 408 illa
417 363 654 421 disputatio
683 365 792 418 inita
817 365 886 417 sit,
918 366 1025 410 satis
1039 364 1214 422 quidem
1238 369 1502 422 compertum
1524 365 1748 419 habentes,

187 449 312 491 quem
336 436 492 496 librum
517 437 663 481 Cicero
682 437 739 481 ad
760 436 1093 493 disputationem
1109 451 1230 481 suam
1244 436 1502 482 adhibuerit.
1562 437 1748 483 Etenim,

186 506 284 569 sive·-
307 506 366 551 ad
407 507 503 563 ipsa
540 508 670 553 verba
693 509 972 565 «respicimus
1002 508 1090 553 sive
1125 508 1183 553 ad
1219 522 1361 554 rerum
1399 510 1614 563 ordinem,
1656 515 1744 554 tam

182 578 419 634 insigniter
456 578 606 622 Cicero
648 594 744 623 cum
779 579 1029 623 Philodemo
1067 581 1281 637 congruit,
1327 584 1377 624 nt
1412 581 1564 625 harum
1600 596 1746 626 rerum

185 649 350 706 peritus
386 662 509 693 nemo
548 650 704 696 dubius
742 650 921 695 haerere
969 652 1124 707 possit,
1171 651 1376 707 numquid
1413 653 1595 696 rationis
1631 654 1745 697 inter

185 723 410 775 utrumque
440 716 689 777 scriptorem
720 724 901 768 intersit.
960 724 1094 776 Quem
1109 727 1253 768 autem
1273 736 1525 767 consensum
1555 725 1743 770 editores

184 790 350 847 priores
384 791 429 834 in
459 792 684 851 Chrysippi
726 797 893 838 tantum
931 798 975 838 et
1006 794 1211 851 Diogenis
1246 793 1469 851 Babylonii
1497 792 1742 852 opinionum

183 864 427 905 narratione
451 864 839 920 deprehenderunt,
871 869 909 910 is
947 867 1075 910 hodie
1098 870 1209 917 ,toto
1244 866 1356 910 libro
1395 871 1518 910 eruto
1557 869 1742 924 complu-

123 962 126 963 γ
183 930 303 975 ribus
342 935 548 990 exemplis
583 936 680 979 aliis
727 937 866 993 iisque
904 937 1253 981 luculentissimis
1305 936 1548 980 confirmari
1585 943 1731 994 potest

186 1002 252 1047 Ne
281 1017 381 1047 vero
423 1006 558 1050 solido
598 1008 875 1053 fundamento
909 1012 1058 1065 nostra
1097 1008 1310 1052 sententia
1337 1012 1505 1061 careat,
1545 1010 1742 1054 omnibus

188 1079 358 1124 omissis
386 1080 653 1139 ambagibus,
683 1083 784 1139 quia
812 1082 869 1126 ad
885 1081 1092 1127 eiusmodi
1121 1094 1264 1125 rerum
1292 1080 1555 1125 intellectum
1575 1081 1743 1126 facilius

190 1154 341 1198 obtutu
370 1155 585 1198 oculorum
612 1157 894 1211 pervenimus,
918 1156 1170 1212 gravissima
1196 1150 1451 1198 documenta
1476 1154 1695 1198 subiciam.

285 1254 344 1289 Ex
368 1253 533 1298 editione
558 1253 836 1300 Gomperziana.
1081 1256 1138 1290 Ex
1167 1252 1334 1290 editione
1360 1250 1622 1288 Schoemanni.

182 1326 242 1368 pg
286 1317 352 1354 72.
375 1316 438 1355 7a.
462 1327 500 1356 v.
521 1318 546 1355 3
565 1327 649 1368 sq.:
678 1311 783 1370 παρ’
810 1311 944 1359 'Avu-
983 1330 1045 1369 cp.
1093 1318 1160 1356 13.
1208 1314 1246 1365 ἓ.
1297 1317 1375 1354 32:
1426 1314 1568 1367 Atque
1599 1313 1741 1356 ‘etiam

182 1379 332 1425 σθένει
371 1376 410 1424 δ’
454 1379 502 1425 ἐν
544 1381 623 1438 μὲν
663 1383 730 1440 τῷ
767 1384 944 1441 φυσικῷ
980 1381 1258 1427 Antisthenes
1297 1380 1343 1423 in
1393 1391 1443 1425 eo
1487 1380 1616 1438 libro,
1668 1382 1740 1437 qui

182 1449 351 1506 λέγεται
393 1447 446 1492 τὸ
493 1447 606 1494 κατὰ
647 1446 788 1506 νόμον
832 1448 944 1495 εἶναι
979 1451 1181 1508 physicus
1210 1448 1481 1505 inscribitur,
1508 1449 1741 1504 populares

181 1514 377 1569 πολλοὺς
404 1515 538 1570 θεοὺς
567 1516 687 1563 πατὰ
706 1519 782 1579 ἢδὶες
808 1516 943 1574 φύσιν
980 1520 1083 1563 deos
1113 1517 1293 1572 multos,
1330 1516 1570 1561 naturalem
1610 1531 1740 1561 unum

185 1583 274 1630 ἕνα·
979 1601 1075 1633 esse
1104 1587 1251 1631 dicens
1282 1620 1291 1629 .
1318 1618 1329 1628 .
1360 1617 1372 1629 .

181 1680 250 1721 pg.
285 1670 353 1708 72.
385 1671 450 1709 76.
481 1683 509 1710 v
533 1673 559 1710 8
591 1681 675 1722 sq:
705 1664 810 1723 παρ’
837 1665 942 1724 'Api-
979 1672 1017 1723 ξ.
1049 1672 1117 1710 33.
1158 1665 1495 1720 Aristotelesque
1532 1666 1578 1708 in
1613 1668 1741 1710 tertio

183 1733 378 1780 στοτέλει
419 1730 458 1779 δ’
487 1733 536 1780 ἐν
574 1736 641 1794 τῷ
676 1735 812 1794 τρίτῳ
842 1737 944 1795 περί
981 1736 1034 1782 de
1062 1733 1336 1794 philosophia
1363 1733 1476 1780 libro
1507 1768 1517 1778 .
1549 1768 1558 1778 .
1588 1769 1598 1780 .

184 1804 448 1859 φιλοσοφίας
472 1830 528 1837 -
793 1842 796 1844 .

181 1898 248 1941 pg.
278 1886 457 1927 77.v15
478 1898 560 1939 sq.=
582 1878 872 1941 Χρύσιππος.
898 1920 907 1930 .
932 1923 943 1933 .
980 1899 1045 1942 cp.
1087 1888 1154 1929 15.
1196 1888 1235 1938 ξ.
1272 1887 1340 1928 39.
1390 1883 1464 1927 Ait
1502 1883 1614 1927 enim
1656 1883 1740 1927 vim

182 1952 263 1995 Δία
307 1952 438 2008 φησὶν
478 1949 589 1995 εἶναι
639 1950 721 1996 τὸν
766 1947 944 1997 ἅπαντα
981 1955 1169 1997 divinam
1193 1952 1423 1995 iuratione
1447 1965 1542 1995 esse
1554 1953 1739 2008 positam

183 2020 439 2065 διοικοῦντα
476 2016 610 2078 λόγον
639 2021 713 2064 καὶ
736 2018 827 2080 τὴν
861 2024 943 2067 τοῦ
979 2026 1024 2066 et
1052 2022 1275 2065 universae
1293 2023 1473 2064 naturae
1503 2019 1646 2064 animo
1675 2024 1738 2063 at—

182 2084 293 2133 ὅλου
320 2085 466 2146 ψυχὴν
491 2090 563 2132 καὶ
591 2091 645 2144 τῇ
672 2086 837 2135 τούτου
863 2088 943 2148 μὲν
980 2106 1063 2148 que
1093 2094 1257 2143 mente;
1286 2090 1514 2146 ipsumque
1536 2089 1739 2132 mundum

183 2157 296 2217 ρυμῇ
334 2158 419 2215 (sic
447 2156 636 2216 Sauppe)
668 2153 817 2204 πάντα
851 2160 941 2204 δια·
981 2160 1108 2204 deum
1139 2159 1245 2203 dicit
1272 2171 1369 2202 esse
1407 2161 1451 2202 et
1471 2158 1571 2201 -eius
1606 2158 1739 2202 animi

183 2230 366 2283 χεῖσθαι.
978 2229 1187 2271 fusionem
1212 2227 1466 2270 nniversam.

182 2321 253 2363 pg.
285 2310 353 2350 77.
385 2321 412 2351 v
443 2311 497 2351 28
528 2321 614 2364 sq.:
652 2307 724 2351 καὶ
758 2302 943 2351 θεὸνκαὶ
979 2311 1017 2362 ξ.
1049 2311 1118 2351 39.
1157 2310 1248 2349 tum
1283 2305 1376 2349 eius
1414 2305 1551 2361 ipsius
1585 2307 1740 2363 princi·

183 2372 237 2418 τὸ
275 2369 534 2433 ἡγεμονικὸν
583 2376 655 2419 καὶ
706 2372 786 2432 τὴν
832 2370 942 2418 ὅλου
978 2366 1140 2432 patum,
1168 2375 1240 2431 qui
1271 2375 1317 2418 in
1349 2378 1491 2418 mente
1511 2379 1555 2418 et
1572 2377 1740 2419 ratione

183 2440 329 2500 ψυχὴν
367 2477 377 2487 .
407 2477 418 2487 .
450 2480 459 2488 .
493 2441 575 2488 τὸν
616 2444 698 2489 Δία
742 2443 815 2486 καὶ
861 2440 943 2501 τὴν
977 2447 1190 2500 versetur,
1220 2457 1569 2499 communemque
1598 2458 1740 2487 rerum

184 2527 283 2555 κοιν
303 2508 369 2570 ὴν
385 2507 574 2556 πάντων
604 2508 739 2568 φύσιν
768 2512 841 2555 καὶ
871 2510 942 2555 Ei·
978 2516 1197 2563 naturam;
1236 2518 1340 2556 tum·
1361 2512 1536 2557 fatalem
1574 2514 1657 2555 vim
1697 2519 1742 2556 et

182 2581 408 2639 μαρμένην
438 2582 511 2625 καὶ
540 2578 762 2640 Ἀνάγκην.
979 2582 1279 2627 necessitatem
1306 2596 1447 2626 rerum
1484 2572 1740 2625 futurarum.

184 2677 255 2718 pg.
283 2667 350 2705 80.
380 2676 408 2705 v
434 2663 462 2705 9
487 2677 567 2720 sq.:
608 2664 680 2705 καὶ
708 2660 790 2706 τὸν
818 2658 943 2720 ἥλιον
982 2665 1019 2716 ξ.
1061 2666 1128 2705 39.
1181 2662 1335 2718 solem,
1384 2663 1575 2725 lunam„
1598 2662 1742 2705 sidera

185 2731 258 2773 καὶ
284 2728 366 2788 τὴν
383 2725 638 2789 σελήνηνκαὶ
652 2728 758 2783 τούς
784 2727 946 2782 ἄλλους
979 2731 1385 2791 universitatemque
1405 2761 1407 2763 ψ
1431 2744 1574 2774 rerum
1588 2764 1597 2782 ,
1655 2744 1743 2786 qua

185 2794 373 2856 ἀστέρας
401 2796 537 2852 θεοὺς
571 2798 708 2845 οἴεται
735 2833 745 2844 .
780 2834 790 2845 .
822 2833 832 2844 .
873 2799 946 2843 καὶ
979 2800 1123 2844 omnia
1143 2792 1476 2851 continerentur,
1506 2803 1638 2854 atque
1664 2799 1739 2842 eti-

158 2919 161 2921 ,
185 2862 464 2925 ἀνθρώπους
495 2868 556 2921 εἰς
582 2864 719 2921 θεούς
754 2879 862 2932 φησι
895 2883 947 2925 με
980 2882 1051 2912 am
1080 2868 1273 2913 homines
1311 2881 1406 2924 eos,
1454 2868 1529 2924 qui
1571 2867 1740 2909 immor·

184 2930 433 2988 ταβάλλειν.
635 2974 641 2978 .
723 2965 728 2972 -
979 2936 1192 2980 talitatem
1223 2940 1368 2980 essent
1395 2936 1624 2981 consecuti.
