1945 3260
238 283 414 328 oanioae
440 282 716 326 summarium
735 282 1028 339 composuisse
1050 294 1138 325 non
1167 282 1418 327 existimem.
1464 281 1800 339 Optineautem

238 355 316 399 illa
344 352 631 398 enarrationis
655 352 809 397 levitas
836 353 883 397 in
911 353 1107 409 quemvis
1134 353 1266 398 alium
1281 351 1539 410 Epicureum
1568 352 1697 404 cadit,
1726 353 1800 409 qui

238 439 319 482 pro
343 424 522 480 propria
549 423 722 468 scholae
748 438 852 468 suae
878 425 1046 468 incuria
1074 437 1219 468 rerum
1249 423 1443 468 ordinem
1468 423 1800 469 mhaerentinm·

140 543 168 554 ὁ,
239 510 323 552 qne
348 494 456 539 nihil
484 509 640 539 curans
679 509 733 540 ex
769 495 899 540 variis
938 496 1241 553 scriptoribus,
1279 509 1391 552 quae
1425 496 1611 540 maxime
1644 495 1801 541 idonea
1830 531 1833 533 -

237 568 498 619 viderentur,
529 568 804 625 neglegenter
841 569 1066 625 excerpsit.
1129 570 1289 614 Verum
1327 573 1493 621 tamen,
1533 572 1632 613 utut
1659 583 1730 614 res
1753 583 1800 614 se

236 639 383 693 habet,
410 654 489 684 nec
514 640 787 685 Philodemus
815 655 895 685 nec
920 641 1070 688 Cicero
1104 643 1291 686 levitatis
1322 642 1483 686 crimen
1511 641 1701 698 effugere
1727 656 1800 699 po-

238 716 338 763 test,
369 711 485 766 quod
515 725 570 754 ne
598 712 653 755 iis
667 711 842 767 quidem
856 713 991 767 libris,
1022 727 1129 769 quos
1149 717 1265 758 certe
1285 713 1331 757 in
1347 718 1549 769 promptu
1568 712 1800 765 habebant,

237 783 443 839 inspectis
473 782 630 827 bonam
660 782 790 827 fidem
819 785 985 829 auctori
1014 799 1094 829 suo
1118 785 1372 830 babuerunt.

376 855 434 897 At
463 868 563 898 vero
590 855 722 899 verba
744 857 938 912 proxime
966 857 1260 912 insequentia,
1298 860 1348 899 ut
1375 855 1433 899 ad
1460 855 1707 899 Ciceronem
1736 870 1800 902 re—

238 926 431 979 deamus,
461 925 601 982 „quod
629 940 731 971 vero
762 927 855 972 sine
879 941 1059 985 corpore
1084 928 1173 972 ullo
1193 928 1321 973 deum
1349 927 1441 972 vult
1468 940 1575 978 esse,
1605 930 1654 971 ut
1670 926 1801 972 Grae

238 1000 277 1043 ci
305 999 456 1043 dicunt
468 993 746 1055 οἷσώματον,“
771 1014 873 1044 voce
888 996 1127 1057 ἀσώματον
1143 1007 1266 1045 extra
1281 1014 1448 1044 omnem
1471 1000 1802 1044 controversiam

237 1075 426 1128 ponunt,
457 1070 642 1114 Tullium
672 1085 759 1115 non
787 1073 885 1129 ipsa
914 1073 1107 1118 Platonis
1145 1074 1308 1129 scripta
1344 1072 1402 1116 ad
1440 1072 1531 1115 eius
1562 1071 1801 1115 doctrinam

238 1142 582 1186 adumbrandam
621 1143 669 1186 in
705 1158 829 1187 usum
868 1159 1055 1190 vocasse.
1098 1145 1321 1198 „Quamvis
1357 1144 1469 1187 enim
1501 1142 1610 1186 haec
1646 1146 1803 1186 natura

240 1214 322 1258 deo
359 1213 581 1257 Platonico
610 1215 787 1270 proprie
830 1218 1077 1269 conveniat,
1115 1229 1325 1272 nusquam
1366 1219 1511 1258 tamen
1549 1213 1674 1257 Plato
1709 1214 1803 1269 ipse

239 1286 361 1330 illam
390 1300 537 1330 vocem
567 1287 803 1342 usurpavit,
836 1288 914 1331 sed
937 1289 1189 1344 posterioris
1227 1288 1399 1332 demum
1434 1286 1530 1330 aevi
1559 1285 1802 1341 scriptores,

235 1360 286 1399 ιιι
315 1356 437 1413 Diog.
462 1357 509 1399 L.
541 1357 635 1412 (III,
667 1362 744 1413 773
773 1357 823 1410 V,
858 1359 953 1416 32),
993 1359 1180 1404 Galenus
1221 1359 1338 1414 (hist.
1368 1357 1522 1414 philos.
1552 1371 1588 1400 c.
1620 1360 1681 1412 5),
1711 1355 1803 1400 Ori—

236 1442 368 1485 genes
396 1427 576 1485 (Philos.
606 1443 641 1472 c.
676 1434 770 1482 19);
797 1444 936 1486 neque
957 1430 1202 1475 Ciceronem
1234 1444 1313 1474 sua
1342 1432 1494 1485 sponte
1520 1428 1605 1472 hoc
1623 1428 1801 1472 vocabu-

235 1500 324 1544 lum
337 1499 547 1543 Graecum
559 1500 759 1544 relationi
775 1515 878 1545 suae
890 1502 1123 1546 inseruisse
1140 1501 1345 1546 credibile
1359 1504 1437 1544 est.
1467 1498 1592 1552 Quod
1607 1499 1654 1542 in
1664 1502 1802 1543 extre-

235 1586 308 1616 ma
328 1572 513 1627 denique
532 1573 812 1628 expositionis
823 1578 948 1629 parte
962 1574 1077 1618 idem
1095 1577 1256 1625 narrat,
1283 1577 1328 1616 et
1351 1572 1555 1616 mundum
1566 1571 1799 1616 deumesse

235 1647 280 1686 et
298 1643 463 1686 caelum
491 1648 535 1687 et
562 1647 683 1688 astra
702 1647 747 1688 et
773 1648 934 1689 terram
961 1650 1006 1690 et
1016 1646 1181 1690 animos
1210 1649 1255 1689 et
1277 1657 1361 1697 eos,
1390 1657 1499 1699 quos
1518 1643 1727 1688 maiorum
1740 1644 1803 1687 in·

234 1715 397 1759 stitutis
429 1716 684 1772 accepimus,
712 1717 759 1760 id
794 1722 1026 1774 propterea
1063 1717 1462 1774 reprehendendum
1489 1719 1570 1767 est,
1599 1715 1703 1770 quia
1732 1729 1802 1760 res

234 1790 511 1830 enumeratae
534 1801 613 1831 nec
629 1801 709 1844 per
737 1802 784 1832 se
801 1793 902 1833 sunt
920 1790 1001 1841 dei,
1032 1804 1111 1834 nec
1124 1789 1308 1833 eundem
1324 1801 1453 1844 quam
1470 1800 1658 1831 summus
1689 1787 1796 1836 deus

235 1862 448 1915 occupant
473 1858 624 1911 locum,
657 1859 735 1904 sed
754 1860 881 1904 huius
897 1861 1199 1918 (δημιουργοῦ)
1214 1859 1432 1904 voluntate
1448 1858 1518 1902 dei
1533 1858 1801 1915 exstiterunt.

374 1929 578 1974 Venimus
612 1944 725 1976 nunc
766 1932 825 1976 ad
848 1933 1069 1977 Socratem
1095 1931 1465 1988 Xenophonteum.
1523 1927 1658 1981 Quem
1686 1928 1802 1975 Cice-

233 2015 284 2045 ro
312 2001 464 2046 eadem
493 2000 603 2055 fere,
647 2016 758 2057 quae
788 2003 912 2048 Plato
941 2005 1070 2048 modo
1099 2004 1323 2055 docuerat,
1367 2002 1658 2059 disputantem
1686 2001 1800 2057 fecit,

234 2086 344 2125 cum,
372 2076 422 2116 ut
447 2087 579 2130 supra
606 2073 902 2120 demonstrare
929 2075 1180 2130 studuimus,
1211 2075 1328 2119 nulla
1351 2075 1391 2118 ei
1421 2087 1516 2118 cum
1534 2073 1801 2131 physiologia

232 2144 363 2189 fuerit
390 2146 525 2195 ratio;
556 2146 634 2199 sed
662 2146 746 2190 hae
776 2146 888 2191 duae
916 2149 1155 2192 sententiae
1168 2182 1178 2199 ‚
1202 2146 1396 2203 quamvis
1421 2146 1535 2190 inter
1563 2158 1610 2189 se
1638 2144 1799 2189 discre-

231 2231 338 2273 pare
367 2217 615 2270 videantur,
654 2219 815 2274 optime
842 2224 986 2264 tamen
1032 2220 1171 2265 altera
1205 2233 1301 2263 cum
1349 2219 1488 2262 altera
1532 2217 1798 2276 conveniunt.

231 2287 429 2345 Namque
458 2304 544 2334 non
583 2291 755 2334 omnino
784 2304 813 2334 a
839 2295 1021 2336 naturae
1060 2291 1418 2347 contemplatione
1453 2289 1641 2333 animum
1680 2301 1798 2332 revo-

232 2361 367 2411 cavit,
410 2361 487 2404 sed
527 2364 697 2405 tantum
724 2362 769 2405 in
803 2375 898 2406 eam
936 2377 1066 2409 curae
1100 2362 1332 2419 impendit,
1371 2364 1580 2417 quantum
1617 2358 1798 2406 eandem

232 2432 472 2477 conducere
500 2433 761 2490 opinabatur
798 2434 857 2479 ad
885 2436 955 2488 id,
995 2436 1110 2493 quod
1141 2449 1351 2480 summum
1380 2433 1464 2479 sibi
1500 2436 1797 2490 proposuerat,

232 2508 281 2548 ut
307 2504 528 2562 ingenium
555 2518 781 2563 moresque
814 2505 1032 2552 hominum
1070 2507 1329 2553 emendaret.
1387 2506 1540 2563 Itaque
1571 2502 1797 2562 compluri-

233 2577 314 2619 bus
339 2578 514 2631 quidem
540 2578 645 2620 locis
670 2578 866 2632 disputat
894 2580 949 2623 de
981 2580 1093 2635 deis,
1121 2580 1176 2621 de
1202 2580 1377 2629 animis,
1416 2578 1472 2620 de
1500 2581 1657 2619 natura
1681 2575 1797 2618 deni·

234 2661 329 2704 que,
359 2648 436 2692 sed
463 2648 527 2693 ita
555 2650 693 2703 modo,
721 2654 770 2694 ut
797 2650 970 2708 prolata
1004 2665 1084 2697 nec
1113 2650 1358 2696 interiorem
1387 2646 1580 2706 prodant
1601 2645 1797 2704 cogitati-

232 2736 371 2773 onem,
402 2736 482 2764 nec
511 2735 680 2777 semper
703 2724 818 2767 inter
846 2738 894 2768 se
921 2729 1171 2781 congruant.
1236 2722 1343 2773 Sed,
1383 2725 1432 2764 ut
1458 2720 1633 2763 tandem
1658 2719 1797 2776 ipsam

234 2793 453 2838 Ciceronis
480 2794 772 2838 narrationem
800 2809 1151 2852 percenseamus,
1181 2793 1387 2839 nonnulla
1415 2796 1535 2845 sunt,
1566 2791 1612 2835 in
1641 2790 1797 2848 quibus

231 2865 472 2924 paullisper
505 2866 761 2910 commorari
796 2869 998 2925 cogimur.
1055 2868 1164 2913 Pars
1200 2868 1340 2925 prima
1379 2865 1491 2909 hanc
1530 2863 1586 2907 ob
1622 2876 1797 2907 causam

231 2937 358 2982 valde
385 2936 677 2990 memorabilis
702 2940 780 2996 est,
809 2939 923 2995 quod
944 2954 1041 2985 cum
1059 2938 1355 2998 Xenophontis
1373 2936 1511 2995 ipsius
1533 2933 1676 2980 verbis
1705 2934 1795 2980 tam
