1945 3260
819 176 990 216 ...24
1050 197 1104 206 ..-

177 288 267 333 oliti
299 287 460 331 mentio
488 286 803 343 interponenda
831 291 909 337 est,
940 299 1068 340 quem
1096 284 1245 330 Cicero
1273 284 1403 342 plane
1431 284 1602 329 silentio
1626 296 1748 340 prae·

174 356 307 400 tei-iit.
365 356 490 409 Quod
528 357 745 402 silentium
781 369 834 400 eo
870 355 1011 413 magis
1048 355 1331 412 admiramur,
1373 368 1461 411 quo
1485 354 1752 399 evidentiora

176 427 229 471 iu
268 427 506 471 Philodemi
548 429 659 472 libro
697 424 879 483 vestigia
916 427 1138 471 doctrinae
1178 426 1448 470 Heracliteae
1486 431 1656 477 extant,
1703 428 1753 468 ut

175 498 423 542 Ciceronem
460 499 532 543 hic
570 504 789 543 auctorem
826 512 950 542 suum
980 498 1222 543 deseruisse
1250 498 1295 541 in
1326 502 1477 555 aperto
1504 498 1572 541 sit.
1630 498 1748 541 Inve-

178 571 320 613 nimus
369 572 482 613 enim
521 587 591 627 pg.
625 575 691 613 70.
723 576 788 613 6a.
818 585 883 613 vv.
916 575 942 613 3
972 574 1017 612 et
1044 574 1108 613 4.:
1148 565 1365 626 κεραυνὸς
1401 567 1534 612 noevt'
1559 569 1750 626 οἰακίζει,

179 656 292 697 quae
308 643 442 686 verba
462 656 548 686 non
563 646 731 686 tantum
750 645 867 686 recte
888 641 945 685 ad
964 640 1199 698 Ephesium
1227 640 1484 694 referuntur,
1515 641 1592 685 sed
1618 641 1749 685 etiam

178 714 317 769 ipsius
341 716 518 769 propria
555 728 650 758 esse
672 713 888 763 videntur,
927 713 1138 769 siquidem
1172 713 1303 769 plane
1331 713 1483 756 eadem
1506 712 1630 768 apud
1645 712 1749 768 Hip·

179 785 311 841 polyt.
371 784 461 829 Ref.
504 784 681 829 Haeres.
708 785 784 836 IX,
828 789 895 841 10,
935 785 1086 828 ordine
1116 784 1343 829 dumtaxat
1381 784 1619 841 immutato,
1648 783 1752 841 legi-

181 871 296 899 mus:
337 853 394 900 τὰ
424 857 472 899 δὲ
504 852 655 900 πάντα
692 856 869 912 οἰακίζει
903 852 1158 913 κεραυονός.
1216 857 1335 912 Ignis
1362 856 1437 899 ille
1466 857 1751 912 sempiternus

184 927 499 983 intellegendus
539 933 627 983 est,
658 929 732 983 qui
762 927 982 971 Heraclito
1012 928 1239 971 videbatur
1272 941 1437 971 summa
1465 928 1529 970 vis
1556 928 1753 973 caelestis

184 1003 229 1043 et
257 999 402 1043 divina
432 1013 541 1055 esse,
569 1013 649 1056 per
677 1000 822 1043 omnia
853 1005 896 1044 et
921 1003 1153 1056 penetrans
1183 1004 1227 1043 et
1254 999 1415 1056 vigens,
1446 1013 1647 1055 suprema
1677 999 1748 1043 de·

184 1073 315 1127 nique
344 1073 490 1127 omnis-
512 1073 638 1123 vitae,
666 1075 819 1124 motus,
848 1072 1091 1116 intellectus
1120 1086 1262 1115 causa.
1323 1071 1408 1116 Sed
1428 1071 1485 1115 ad
1505 1071 1751 1115 Ciceronem

183 1145 413 1189 redeamus
443 1149 574 1200 atque
605 1158 780 1189 causam
810 1145 1200 1201 circumspiciamus
1224 1143 1409 1188 Tulliani
1438 1143 1610 1200 silentii,
1651 1143 1752 1199 quia

183 1216 292 1261 haec
318 1232 388 1261 res
417 1230 521 1260 sane
549 1216 705 1261 idonea
737 1221 816 1273 est,
846 1231 957 1272 quae
986 1221 1177 1261 nostram
1210 1217 1265 1260 de
1294 1217 1411 1259 fonte
1443 1215 1661 1259 Ciceronis
1689 1215 1749 1258 la-

183 1293 277 1333 tam
307 1289 563 1332 sententiam
593 1292 843 1344 pervertens
872 1303 1016 1333 eorum
1048 1289 1268 1334 confirmet
1291 1288 1508 1344 iudicium,
1537 1288 1611 1343 qui
1637 1286 1751 1331 Cice-

184 1373 334 1402 ronem
371 1373 457 1402 non
486 1359 747 1415 Philodemi,
787 1360 863 1403 sed
900 1362 1084 1404 cuiusvis
1124 1361 1235 1403 alius
1263 1359 1486 1414 scriptoris
1514 1359 1670 1402 librum
1694 1359 1751 1402 ad

184 1429 537 1486 philosophorum
552 1430 804 1488 disciplinas
819 1432 1140 1476 adumbrandas
1155 1431 1405 1475 adhibuisse
1420 1430 1578 1487 volunt,
1592 1430 1751 1487 quippe

186 1504 255 1545 cui
296 1516 565 1557 nequaquam
606 1503 777 1546 licuerit
802 1518 879 1547 suo
912 1505 1093 1548 arbitrio
1124 1490 1402 1558 Heraclitum,
1441 1502 1632 1545 Graecae
1660 1501 1752 1558 phi-

184 1573 409 1630 losophiae
430 1573 625 1619 columen
652 1575 946 1628 clarissimum,
977 1575 1179 1620 oblivioni
1210 1575 1324 1619 dare.
1385 1574 1497 1618 Sane
1526 1588 1611 1618 non
1640 1588 1756 1632 mag—

185 1659 285 1688 nam
303 1646 623 1701 probabilitatis
643 1648 829 1703 speciem
851 1662 957 1704 prae
974 1662 1020 1690 se
1045 1647 1130 1690 fert
1160 1661 1303 1690 eorum
1332 1647 1459 1689 huius
1488 1646 1754 1689 difficultatis

184 1715 433 1772 explicatio,
474 1717 547 1772 qui
584 1716 833 1763 Ciceronem
872 1724 1102 1775 propterea
1138 1717 1372 1775 Ephesium
1413 1717 1753 1773 praetermisisse

183 1788 450 1839 existimant,
488 1788 604 1843 quod
637 1793 790 1846 postea
822 1789 1060 1834 Stoicorum
1095 1789 1372 1846 theologiam,
1414 1790 1486 1844 qui
1515 1789 1753 1832 doctrinam

185 1859 476 1903 Heracliteam
515 1860 683 1905 modice
722 1865 934 1905 mutatam
972 1861 1234 1917 adoptarunt
1274 1860 1347 1918 (cf.
1388 1860 1436 1902 D.
1467 1860 1513 1903 L.
1554 1860 1635 1918 IX,
1678 1864 1753 1917 5.),

186 1931 460 1987 expositurus
487 1936 594 1974 erat.
653 1931 803 1988 Neque
833 1947 960 1989 quam
992 1933 1174 1976 Krische
1201 1933 1226 1974 l.
1259 1946 1293 1975 c.
1323 1946 1392 1988 pg.
1425 1936 1480 1975 58
1537 1932 1637 1975 tulit
1660 1946 1749 1976 sen<

186 2003 368 2046 tentiam
399 2002 704 2060 adprobamus,
733 2003 994 2061 Ciceronem,
1024 2018 1118 2047 cum
1149 2004 1194 2047 in
1221 2003 1483 2047 Heraclitum
1508 2004 1583 2047 illa
1612 2018 1752 2048 succe·

187 2075 458 2127 demiratio,
475 2089 561 2131 qua
573 2081 738 2120 ceteros
750 2075 1028 2133 philosophos
1044 2076 1303 2120 Jonicos·ita
1323 2077 1437 2120 inter
1468 2090 1514 2120 se
1541 2077 1751 2128 iunxerat,

186 2152 236 2190 ut
265 2147 375 2190 alter
399 2148 456 2190 ab
484 2147 622 2191 altero
652 2148 921 2205 disciplinam
951 2149 1224 2204 scholamque
1255 2149 1472 2204 accepisse
1497 2149 1750 2201 traderetur,

186 2232 272 2261 non
312 2218 510 2275 caderet,
550 2232 645 2261 eum
682 2221 729 2263 in
769 2220 1022 2265 oblivionem
1052 2221 1255 2276 maluisse
1284 2219 1511 2276 adducere,
1552 2222 1751 2278 quam-in

184 2288 270 2332 illis
291 2303 529 2339 numerare,
560 2304 669 2346 quos
692 2291 886 2335 nonnulli
916 2292 996 2345 (uti
1014 2291 1067 2335 D.
1085 2291 1133 2335 L.
1167 2291 1283 2342 V111,
1314 2295 1384 2344 91)
1416 2296 1622 2335 vocarunt
1648 2288 1755 2343 τοὺς

186 2357 426 2418 σποράδην.
484 2362 580 2405 Etsi
607 2364 721 2406 enim
749 2362 1034 2415 Philodemus,
1051 2389 1056 2394 ·
1071 2367 1276 2418 quantum
1305 2376 1329 2404 e
1359 2361 1609 2418 fragmentis
1637 2364 1751 2407 colli-

186 2448 289 2492 gere
318 2434 433 2490 licet,
458 2434 723 2478 Heraclitum
752 2448 839 2478 non
866 2435 1038 2481 scholae
1065 2435 1263 2490 cuipiam,
1295 2434 1370 2477 sed
1399 2441 1495 2485 τοῖς
1523 2429 1752 2493 σποράδην

183 2501 452 2563 φιλοσόφοις
488 2507 838 2552 adnummerasse
863 2508 1046 2558 videtur,
1079 2507 1229 2551 Cicero
1258 2510 1402 2549 tamen
1430 2520 1480 2550 eo
1509 2507 1647 2550 minus
1676 2507 1751 2551 ha-

183 2579 315 2623 bebat
344 2593 515 2637 causae,
553 2594 629 2623 cur
657 2581 972 2638 praescriptum
999 2580 1191 2624 ordinem
1224 2578 1462 2630 desereret,
1504 2592 1587 2635 quo
1613 2580 1751 2637 magis

183 2650 406 2707 Epicurei,
450 2650 577 2706 quem
612 2651 684 2696 bic
726 2652 1007 2697 disserentem
1046 2652 1168 2707 fecit,
1208 2652 1445 2695 doctrinam
1477 2651 1753 2707 despiciebat,

184 2723 438 2781 praesertim
491 2737 586 2766 cum
625 2724 876 2768 manifestas
915 2739 1058 2769 rerum
1098 2723 1426 2779 depravationes
1463 2723 1615 2767 tollere
1654 2738 1752 2768 nus-

182 2810 311 2852 quam
346 2793 451 2840 alibi
487 2796 526 2837 ei
556 2809 683 2839 curae
718 2795 906 2841 fuissset.
965 2796 1090 2850 Quid,
1128 2795 1245 2853 quod
1284 2797 1452 2839 tantum
1491 2795 1665 2853 aberat,
1703 2800 1752 2840 ut

182 2866 334 2912 Cicero
354 2866 617 2911 Heraclitum
641 2869 785 2925 magni
814 2870 1076 2920 aestimaret,
1107 2875 1165 2921 ut,
1194 2867 1311 2925 quod
1339 2867 1465 2912 facile
1491 2882 1544 2911 ex
1571 2868 1626 2911 iis
1650 2882 1747 2924 per·

182 2939 376 2996 cipimus,
407 2939 619 2996 quaealiis
635 2939 739 2983 locis
758 2940 813 2984 de
837 2954 890 2985 eo
920 2941 1166 2997 disputavit,
1195 2930 1424 2997 perspicua
1436 2938 1568 2983 animi
1596 2938 1753 2987 infensi
