1945 3260
858 221 911 229 .-
973 198 1034 241 38
1088 221 1144 230 ..-

217 311 512 356 Philodamum
542 315 686 356 autem
696 346 709 368 ,
749 316 796 355 ut
824 312 881 356 ad
910 311 1169 368 propositum
1195 316 1399 369 revertar,
1435 314 1493 356 ad
1520 313 1691 358 modum
1715 312 1783 358 ci-

218 383 386 427 ceronis
425 396 576 428 omnes
610 382 774 429 Stoicos
810 383 1122 440 percensuisse,
1169 381 1271 427 inde
1309 383 1511 442 patescit,
1549 383 1674 440 quod·
1699 397 1785 429 non

216 459 383 500 tantum
417 469 488 512 pg.
529 458 600 500 84.
635 469 677 499 v.
715 457 772 510 8.,
812 455 886 498 ubi
924 460 1078 499 cuncta
1116 455 1364 513 opprobria,
1397 469 1513 511 ,quae
1547 457 1592 500 in
1622 456 1786 501 Stoicos

215 531 508 585 congesserat,
538 541 666 584 quam
693 526 965 583 paucissimis
1002 526 1340 585 comprehendit,
1386 527 1469 573 ait:
1505 523 1669 582 πάντες
1702 519 1784 573 οὖν

215 597 257 642 οἱ
284 595 376 643 α’πὸ
394 594 607 658 Ζήνωνος
636 615 676 642 κ.
702 614 740 642 τ.
767 601 818 650 λ.,
849 599 925 643 sed
951 599 1083 643 etiam
1106 600 1169 643 eis
1197 600 1383 656 paginis,
1411 601 1484 644 ubi
1515 601 1568 645 de
1588 601 1783 654 ZenoniS,

216 672 442 729 Aristonis,
479 671 698 717 Cleanthis
718 671 889 727 placitis
910 675 1051 715 actum
1070 675 1175 727 erat,
1202 671 1400 726 quamvis
1420 673 1561 717 cinere
1577 672 1785 717 candente

217 744 264 787 in
293 744 501 788 carbones
530 748 573 788 et
600 743 766 787 cineres
796 756 945 787 versae
977 743 1075 800 sint,
1103 743 1312 787 vocabula
1341 743 1504 799 aliquot
1529 744 1783 789 litterarum·

214 830 298 872 que
337 816 504 861 formae
543 820 714 860 servata
754 819 874 872 sunt,
914 829 1026 871 quae
1064 814 1300 859 manifesta
1330 816 1533 860 exhibent
1567 816 1784 861 doctrinae

215 888 384 932 Stoicae
413 888 612 945 vestigia.
670 887 855 931 Exstant
883 887 997 932 enim
1020 901 1091 944 pg.
1120 890 1187 931 74.
1216 887 1346 932 haee:

277 962 295 1002 1
303 991 646 1003 .........
676 952 866 1015 δύναμιν
1043 960 1080 1003 3.
1108 957 1280 1011 οἰκείως
1307 960 1403 1003 τῶν
1429 962 1592 1016 μερῶν,

276 1031 314 1072 2.
345 1020 486 1073 οὖσαν
514 1028 789 1086 συναπτικὴν
1042 1032 1081 1073 4.
1108 1028 1225 1087 πρὸς
1253 1025 1421 1088 ἄλληλα
1448 1031 1521 1074 καὶ
1552 1029 1614 1088 ἐκ,

216 1114 329 1157 quae
358 1101 487 1146 facile
508 1100 752 1145 referuntur
780 1100 838 1145 ad
865 1099 1099 1146 Stoicorum
1130 1101 1256 1146 deum
1287 1115 1365 1159 per
1392 1103 1536 1147 omnia
1565 1116 1784 1159 permeana

215 1180 303 1218 tem
343 1175 572 1230 omniaque
612 1174 910 1218 continentem.
969 1174 1092 1228 Quod
1122 1188 1248 1231 porro
1279 1174 1437 1221 ibidem
1468 1189 1506 1219 v.
1538 1177 1606 1219 34.
1630 1189 1784 1220 nomen

216 1241 517 1304 Λιοςκούρους
545 1246 762 1290 invenitur
772 1280 785 1302 ‚
826 1251 939 1291 certe
967 1260 1091 1291 nemo
1121 1261 1206 1291 non
1235 1247 1395 1303 cogitat
1424 1246 1478 1290 de
1507 1247 1784 1291 celeberrima

216 1331 365 1361 eorum
393 1319 590 1374 ratione,
604 1319 677 1374 qui
709 1318 882 1361 Homeri
909 1323 951 1362 et
980 1317 1157 1362 Hesiodi
1184 1319 1355 1362 fabulas
1384 1319 1595 1363 machinis
1623 1324 1782 1376 etymo-

215 1389 368 1446 logicis
409 1389 683 1450 vehementer
720 1391 845 1435 abusi
880 1395 967 1435 tam
1010 1390 1188 1434 solerter
1216 1390 1624 1448 interpretabantur,
1660 1396 1706 1436 ut
1739 1392 1784 1435 hi

216 1466 367 1519 poetae
394 1476 474 1520 pro
504 1462 658 1509 Stoicis
687 1462 930 1508 veterrimis
959 1461 1108 1508 haberi
1137 1466 1321 1520 possent,
1350 1476 1622 1520 quamquam,
1658 1478 1784 1521 quem

215 1535 261 1578 in
283 1548 455 1580 sensum
476 1536 750 1594 allegoricum
771 1536 963 1581 fabulam
992 1535 1046 1580 de
1071 1534 1280 1580 fratribus
1302 1536 1487 1592 geminis
1516 1536 1785 1593 deterserint,

216 1621 429 1664 nusquam
458 1608 654 1653 traditur.
715 1608 816 1665 Sed,
844 1612 891 1652 nt
916 1608 975 1652 ad
1002 1607 1220 1652 Ciceronis
1251 1608 1544 1653 narrationem
1571 1613 1783 1666 transgre—

215 1679 407 1738 diamur,
447 1681 484 1725 si
511 1694 584 1738 ea,
626 1693 738 1737 quae
768 1679 823 1724 de
851 1680 1022 1724 Zenone
1048 1679 1170 1737 dixit,
1199 1680 1444 1724 accuratius
1473 1681 1784 1738 examinamus,

214 1752 418 1797 nonnulla
463 1753 723 1810 reperimus,
772 1765 883 1808 quae
918 1751 1111 1808 pluribus
1150 1752 1405 1796 excutienda
1446 1758 1555 1797 sunt.
1624 1754 1785 1797 Dicens

218 1825 334 1869 enim
358 1826 561 1882 Velleius,
590 1826 830 1870 naturalem
856 1825 996 1880 legem
1027 1824 1201 1882 (quippe
1230 1838 1324 1868 rem
1352 1826 1408 1869 ab
1437 1826 1553 1869 omni
1585 1839 1785 1870 sensuum

218 1896 419 1941 societate
450 1897 716 1953 seiunctam),
751 1896 825 1952 qui
855 1894 1014 1940 efficiat
1041 1896 1197 1953 (Zeno)
1229 1896 1504 1954 animantem,
1538 1897 1784 1955 intellegere

217 1982 296 2012 nos
330 1982 417 2013 non
455 1982 602 2026 posse,
642 1973 789 2026 aperte
829 1968 1085 2012 sententiam
1130 1967 1257 2011 valde
1299 1968 1542 2026 conturbat,
1581 1969 1784 2024 quoniam

220 2045 368 2086 contra
393 2041 554 2098 placita
594 2040 783 2085 omnium
813 2039 1076 2096 Stoicorum,
1115 2038 1211 2096 qui,
1249 2044 1296 2083 ut
1320 2043 1408 2084 tam
1444 2053 1499 2084 ex
1534 2039 1632 2085 aliis
1667 2040 1784 2098 locis,

219 2126 349 2168 quam
379 2126 433 2157 ex
454 2113 510 2157 de
539 2114 593 2157 N.
624 2114 678 2157 D.
706 2113 800 2156 libr.
832 2112 889 2169 II,
932 2113 998 2166 17,
1025 2111 1101 2165 453
1129 2111 1186 2166 II,
1217 2113 1284 2167 31,
1314 2112 1380 2155 78.
1410 2112 1607 2168 cognosci
1636 2116 1784 2170 potest,

218 2186 346 2230 deum
376 2186 493 2242 ζῶον
523 2184 723 2242 ἔμψυχον
754 2196 849 2229 esse
864 2183 1101 2238 voluerunt,
1131 2196 1215 2227 non
1245 2183 1371 2227 deum
1398 2184 1537 2241 legem
1569 2198 1664 2229 esse
1689 2198 1784 2229 cen-

219 2263 295 2314 set,
325 2257 403 2302 sed
432 2258 520 2315 legi
547 2258 698 2302 tribuit
722 2256 1004 2300 divinitatem.
1062 2254 1185 2308 Quae
1206 2256 1484 2313 perversitas,
1522 2256 1784 2312 quandoqui-

218 2329 317 2373 dem
356 2329 455 2373 aliis
492 2329 598 2373 locis
634 2328 783 2373 Cicero
818 2332 934 2372 recte
969 2327 1132 2383 docuit,
1169 2327 1273 2382 quin
1311 2327 1356 2370 in
1391 2328 1660 2384 Epicureum,
1699 2341 1785 2372 non

219 2400 315 2444 dieo
341 2400 651 2456 Philodemum,
680 2399 757 2444 sed
785 2399 879 2443 eius
907 2403 1137 2455 auctorem,
1165 2398 1439 2454 congerenda
1465 2398 1533 2455 sit,
1570 2412 1696 2443 nemo
1719 2399 1785 2443 fa-

220 2473 301 2517 cile
340 2472 555 2518 dubitabit
589 2485 734 2517 secum
770 2475 993 2529 reputans,
1035 2471 1151 2516 illius
1189 2471 1360 2516 scholae
1403 2475 1653 2528 sectatores,
1689 2484 1785 2516 cum

222 2545 376 2590 Stoicis
400 2545 709 2590 internecivam
739 2548 986 2588 exercentes
1015 2533 1286 2601 simultatem,
1326 2544 1444 2588 nulla
1469 2544 1665 2589 veritatis
1690 2545 1785 2589 reli-

220 2617 350 2673 gione
376 2616 589 2662 cruciatos
616 2629 726 2673 esse,
765 2616 1025 2673 praesertim
1055 2630 1150 2660 cnm
1175 2616 1280 2674 quid
1307 2616 1413 2661 lucri
1442 2616 1568 2661 simul
1592 2616 1650 2660 ad
1674 2617 1783 2662 refu-

222 2689 427 2734 tationem
465 2689 567 2734 inde
605 2688 848 2733 redundare
884 2694 1117 2733 cernerent.
1176 2689 1263 2734 Sed
1292 2702 1349 2733 ne
1376 2688 1562 2745 cuipiam
1591 2689 1787 2734 acerbius

221 2760 268 2804 in
282 2761 459 2818 Epicuri
473 2761 685 2806 familiam
709 2761 868 2806 invecti
898 2774 995 2806 esse
1020 2761 1257 2818 videamur,
1280 2761 1368 2805 alia
1398 2760 1444 2804 in
1471 2773 1517 2804 re
1545 2761 1648 2815 quin
1676 2759 1785 2805 eius-

222 2833 321 2877 dem
362 2834 646 2891 patrocinium
687 2833 990 2891 suscipiamus,
1020 2833 1162 2878 facere
1192 2846 1279 2878 non
1305 2845 1530 2889 possumus
1597 2832 1787 2891 Pergens

222 2905 339 2949 enim
377 2905 527 2951 Cicero
565 2906 780 2951 Zenonem
816 2906 920 2951 dicit
960 2906 1089 2951 astris
1127 2906 1206 2951 hoc
1241 2904 1356 2949 idern
1396 2903 1472 2963 (sc.
1501 2903 1787 2963 divinitatem)

222 2978 435 3035 tribuisse,
463 2982 554 3022 tum
582 2979 729 3035 annis,
754 2978 973 3026 mensibus
993 2989 1293 3035 annorumque
1318 2976 1646 3023 mutationibus:
1675 2989 1787 3034 quoe
