1945 3260
859 167 1143 209 —012.-

222 277 430 336 disputat,
459 278 549 323 hoc.
572 281 743 337 mutum
775 278 816 322 ei
839 286 925 321 non
955 276 1144 333 liquisse,
1175 278 1316 322 sintne
1339 278 1404 322 dii
1424 293 1569 332 necne,
1598 280 1789 336 tradens,

220 355 368 395 nostro
398 356 543 396 umen
577 351 671 396 loco
711 351 949 395 doctrinam
986 349 1072 393 alio
1109 350 1457 408 interrogationis
1496 353 1688 398 membro
1711 366 1789 396 au—

219 436 325 479 gens
352 424 484 468 etiam
508 423 567 468 de
594 437 741 469 eorum
769 422 978 479 qualitate
1014 421 1195 467 eundem
1225 423 1433 469 incertum
1463 424 1595 470 fuisse
1624 427 1787 471 narrat.

223 496 298 538 Ait
325 496 439 539 enim
471 497 509 548 ἓ.
536 500 614 539 29;
652 493 742 538 Nec
768 506 867 538 vero
895 493 1179 550 Protagoras,
1218 495 1291 550 qui
1323 509 1417 539 sese
1456 501 1590 553 negat
1613 497 1788 540 omniuo

218 567 273 612 de
322 569 406 613 diis
443 568 625 620 habere,
665 566 780 623 quod
819 566 1004 622 liqueat,
1039 566 1141 614 sint,
1182 580 1268 610 non
1308 567 1413 623 sint,
1451 569 1652 624 qualesve
1688 568 1788 623 sint,

218 639 453 697 quidquam
484 640 654 684 videtur
681 639 737 683 de
770 642 927 682 natura
962 638 1138 682 deorum
1181 639 1406 694 suspicari.
1464 639 1625 685 Contra
1651 641 1684 690 Ι,
1718 643 1786 692 23,

219 716 286 767 63,
316 716 365 757 ut
393 714 521 758 etiam
550 714 667 757 locos
690 712 797 756 alios
826 711 1046 764 subiciam,
1076 712 1314 754 invenimus
1342 711 1475 756 haec:
1506 713 1617 756 Nam
1648 712 1787 757 Abde-

216 784 322 827 rites
338 784 510 839 quidem
531 784 804 841 Protagoras,
835 782 1049 839 sophistes
1077 782 1343 839 temporibus
1362 783 1449 826 illis
1475 784 1542 827 vel
1560 785 1787 835 maximus,

217 868 313 898 cum
342 855 389 898 in
417 854 631 911 principio
660 854 760 898 libri
788 853 854 897 sui
881 853 946 896 sic
974 853 1202 908 posuisset,
1235 853 1414 897 de-divis
1440 868 1578 910 neque
1609 859 1659 898 ut
1688 856 1787 907 sint,

216 940 355 981 neque
396 930 445 969 ut
478 940 563 970 non
602 927 709 977 sint,
746 925 884 969 habeo
925 924 1070 968 dicere
1099 928 1176 968 etc.
1205 928 1252 968 et
1277 925 1309 976 Ι,
1336 929 1409 976 42,
1443 930 1548 968 11⁹7:
1588 925 1682 983 Ego
1707 939 1788 970 nec

217 997 502 1055 Protagoram
532 1001 705 1051 (censeo
735 997 1079 1053 superstitiosum
1107 1010 1202 1039 esse
1218 987 1457 1054 potuisseJ:
1489 998 1557 1041 cui
1587 1000 1786 1042 neutrum

216 1069 402 1125 liquerit,
436 1083 516 1113 nec
546 1082 640 1114 esse
671 1069 788 1125 deos,
816 1082 896 1113 nec
925 1082 1010 1112 non
1039 1081 1151 1111 esse.
1210 1067 1330 1120 Quae
1348 1068 1605 1113 relationum
1630 1069 1790 1129 discre—

218 1141 371 1197 pantia
400 1141 503 1185 inde
533 1142 681 1198 utique
709 1140 947 1198 repetenda
976 1143 1064 1192 est,
1100 1140 1215 1196 quod
1245 1139 1394 1184 Cicero
1417 1140 1550 1196 alium
1578 1141 1663 1185 alio
1692 1141 1787 1185 loco

218 1216 440 1256 auctorem
474 1215 645 1256 secutus
676 1216 751 1256 est.
813 1211 925 1264 Quin
953 1213 1053 1255 vero
1078 1215 1251 1256 nostrae
1279 1213 1538 1256 narrationis
1564 1214 1787 1257 materiam

217 1282 256 1325 ei
288 1281 565 1327 Philodemus
604 1283 1012 1334 subministraverit,
1057 1295 1141 1325 non
1178 1286 1245 1326 est
1286 1298 1363 1327 cur
1399 1283 1719 1337 addubitemus,
1749 1286 1787 1329 si

217 1354 345 1397 modo
364 1355 548 1411 vestigia
578 1368 711 1411 supra
733 1354 925 1397 indicata
946 1353 1178 1410 diligenter
1192 1355 1499 1410 persequimur.
1542 1355 1632 1400 Sub
1658 1355 1784 1399 finem

217 1426 330 1470 enim
348 1427 491 1473 ,totius
528 1426 855 1482 disputationis,
897 1428 1127 1482 postquam
1156 1425 1322 1469 Stoicos
1359 1426 1667 1471 demonstravit
1700 1441 1787 1472 non

219 1498 356 1541 solum
391 1512 439 1542 re
469 1513 571 1542 vera
599 1498 704 1542 deos
729 1497 978 1548 sustulisse,
1020 1496 1097 1540 sed
1137 1501 1183 1540 et
1218 1497 1297 1541 hos
1340 1498 1629 1543 introduxisse
1669 1499 1784 1551 deos,

219 1582 326 1623 quos
349 1582 475 1612 nemo
501 1573 666 1612 metuat
691 1572 736 1613 et
762 1571 1010 1618 veneretur,
1049 1567 1325 1611 Philodemus
1365 1572 1519 1613 cuncta
1553 1570 1787 1626 opprobria

218 1654 346 1696 quam
374 1640 626 1685 brevissime
654 1639 988 1696 comprehendit,
1013 1638 1077 1682 aad
1091 1638 1369 1697 philosophos
1391 1641 1516 1685 simul
1536 1642 1785 1697 respiciens,

218 1725 397 1767 quorum
417 1713 658 1757 sententias
679 1717 784 1757 ante
798 1711 1037 1755 Stoicorum
1054 1710 1293 1755 doctrinam
1314 1716 1583 1768 exposuerat.
1619 1712 1784 1757 Eadem

221 1782 355 1839 igitur
390 1784 435 1827 in
469 1787 595 1840 parte
638 1785 727 1841 (pg.
758 1788 827 1827 89.
856 1797 894 1827 v.
926 1788 948 1824 1
985 1782 1066 1841 sq.)
1101 1782 1209 1826 haec
1234 1783 1439 1840 legimus:
1479 1779 1507 1841 ἢ
1538 1780 1652 1827 κατὰ
1678 1781 1785 1836 τοὺς

216 1849 451 1912 ἄγνωστον
488 1854 528 1899 εἴ
563 1855 683 1908 τινές
719 1855 802 1900 εἰσι
838 1855 938 1900 θεοὶ
965 1855 1193 1912 λέγοντας,
1226 1850 1256 1913 ἢ
1280 1855 1402 1900 ποῖοί
1429 1855 1676 1908 τινές-εἰσιν
1700 1856 1782 1915 (sc.

218 1926 430 1971 neminem
456 1927 514 1971 ab
543 1927 756 1972 iniustitia
782 1926 1031 1983 deterreri).
1089 1926 1257 1979 Quibus
1285 1927 1426 1972 verbis
1443 1926 1660 1984 Scepticos
1688 1942 1783 1984 per-

213 1998 371 2055 ctringi
399 1999 527 2044 hodie
555 2004 646 2044 toto
672 1999 773 2057 περὶ
799 1995 1015 2052 εὐσεβείας
1039 1999 1152 2044 libro
1181 2003 1352 2056 reperto
1381 2013 1505 2045 nemo
1532 2000 1781 2046 Petet-senio

216 2070 434 2123 soncedet,
463 2072 564 2127 quia
594 2086 741 2115 eorum
764 2085 982 2127 ,nusquam
1006 2073 1164 2116 mentio
1190 2070 1308 2115 facta
1333 2075 1425 2125 est3
1460 2086 1608 2116 omnes
1637 2076 1781 2117 autem

214 2141 425 2187 Krischeo
463 2143 606 2188 album
639 2142 848 2197 calcinum
883 2142 1097 2195 ¹adicient,
1137 2141 1253 2199 quod
1290 2143 1448 2200 plurali
1485 2156 1661 2187 numero
1697 2157 1783 2188 non

214 2214 415 2267 offensus,
446 2217 519 2271 qui
547 2218 591 2259 in
608 2216 687 2260 tali
703 2216 930 2260 verborum
958 2214 1336 2271 comprehensione
1355 2228 1443 2258 non
1471 2215 1599 2259 nimis
1626 2229 1780 2272 urgen÷

215 2285 295 2329 dus
325 2290 402 2338 est,
431 2287 711 2345 Protagoram
741 2287 862 2343 tangi
891 2285 1108 2329 iudicavit.
1167 2284 1443 2329 Manifestum
1474 2285 1608 2344 igitur
1636 2284 1779 2330 rerum

213 2370 491 2411 consensum,
530 2363 715 2415 utroque
749 2358 959 2414 scriptore
990 2356 1119 2400 etiam
1151 2356 1204 2399 de
1244 2356 1453 2412 qualitate
1481 2357 1656 2401 deorum
1683 2371 1780 2401 nar-

212 2432 359 2487 rante,
401 2445 497 2474 cum
522 2444 647 2476 nemo
676 2444 761 2475 non
790 2432 955 2481 cernat,
998 2441 1152 2472 novum
1181 2428 1263 2472 hoc
1291 2432 1586 2484 argumentum
1616 2442 1779 2473 summo

213 2501 306 2544 iure
332 2502 430 2546 aliis
460 2502 790 2553 adnumeramus
803 2535 814 2554 ,
854 2501 1009 2557 quibus
1047 2498 1189 2544 adhuc
1223 2500 1478 2544 sententiam
1504 2503 1695 2545 nostram
1724 2499 1779 2546 de

216 2571 453 2617 Philodami
469 2574 774 2629 Ciceronisque
803 2571 1124 2616 neoessitudine
1147 2571 1296 2614 fulcite
1314 2570 1571 2614 staduimus.
1630 2573 1777 2627 Ipsum

214 2646 358 2688 tamen
401 2646 743 2691 additamentum
779 2645 878 2690 ideo
906 2643 1098 2702 ‹genuino›
1133 2642 1354 2687 doctrinae
1384 2656 1488 2698 pars
1526 2642 1677 2689 haberi
1701 2657 1776 2688 me-

214 2716 321 2771 quit,
352 2717 468 2773 quod
496 2730 635 2773 neque
664 2717 890 2773 quisquam
922 2729 1084 2771 eornm,
1113 2714 1188 2771 qui
1217 2717 1319 2758 ante
1337 2713 1630 2770 Sceptieorum
1660 2718 1776 2759 aeta-

211 2790 302 2830 tem
314 2786 563 2839 floruerunt,
593 2788 675 2832 hac
690 2788 745 2831 de
758 2802 808 2831 re
835 2788 1004 2831 rettulit
1030 2811 1086 2819 —-
1101 2785 1222 2829 Timo
1237 2787 1349 2829 enim
1366 2785 1479 2829 hane
1501 2800 1593 2829 rem
1611 2786 1774 2842 primus

208 2864 503 2920 conmemorat
528 2885 587 2893 -
615 2873 696 2904 nec
712 2859 871 2908 ‚Cicero
896 2861 993 2917 ipse
1021 2860 1055 2913 1,
1086 2862 1154 2911 23,
1186 2862 1262 2911 63,
1290 2857 1366 2903 ubi
1402 2860 1552 2914 aperte
1588 2857 1647 2902 ad
1673 2857 1775 2903 Pm-

210 2936 391 2989 tngorae
414 2932 574 2976 librum
604 2931 797 2987 respicit.¹
