1945 3260
797 177 862 229 ...’
911 198 967 239 13
1028 218 1082 226 .-

160 307 285 353 nobis
319 307 518 367 dubitare
544 315 636 353 'non
669 307 783 353 licet.
852 305 1005 365 Itaque
1043 307 1103 352 ad
1138 307 1440 364 Anaxagoram
1478 306 1716 350 Philodemi

159 379 315 425 verbra
344 393 477 436 supra
518 380 652 424 citata
696 383 893 437 spectare
912 386 918 392 '
934 393 1058 424 nemo
1093 392 1186 424 non
1217 378 1451 436 intellegat,
1519 377 1716 422 Eandem

153 455 304 511 autem
331 451 378 495 in
415 450 788 507 reprehensionem
824 452 954 497 etiam
985 452 1206 496 Thaletem
1242 449 1467 501 incidisse,
1512 449 1714 505 quoniam

159 536 318 580 magna
353 536 449 566 cum
485 524 855 574 verisimilitudine
893 525 993 568 inde
1033 527 1177 580 potest
1213 522 1425 575 concludi,
1470 522 1585 577 quod
1616 535 1713 565 eum

158 607 327 650 quoque
356 593 505 639 Cicero
542 594 667 640 deum
706 609 801 640 esse
839 603 1024 640 mentem
1064 595 1285 639 docentem
1323 594 1441 645 fecit,
1474 592 1712 637 rectissime

157 664 339 713 Krische
366 665 466 711 libri
491 666 657 711 laudati
684 682 755 724 pg.
786 672 839 710 41
872 667 1098 719 iudicavit,
1138 667 1211 722 qui
1244 667 1409 722 pariter
1433 666 1491 708 ad
1519 670 1711 708 nostrum

157 737 368 782 Milesium
398 737 634 789 Philodemi
662 740 795 784 verba
820 739 966 784 refert.
1000 738 1144 791 ·Quae
1175 737 1347 794 quidem
1382 737 1471 780 illic
1498 736 1711 781 levissime

139 813 256 866 sunt
280 809 531 867 significata,
574 825 626 854 ea
652 815 766 855 certe
796 812 841 854 in
870 811 967 866 ipsa
1007 811 1280 853 enarratione
1309 808 1562 864 explicatius
1595 808 1711 852 dicta
1746 839 1749 842 ⁴

154 895 249 926 esse
278 896 372 926 cum
388 883 611 939 probabile
641 884 706 937 sit,
737 883 885 928 Cicero
912 883 1094 940 vestigia
1108 881 1422 932 confutationis,
1453 894 1564 937 quae
1592 880 1708 937 apud

153 952 446 997 Philodemum
480 954 711 1007 invenerat,
750 959 920 999 secutus
958 956 1003 998 iu
1045 954 1237 999 Thaletis
1279 956 1424 997 mente
1461 966 1631 996 sensum
1667 956 1712 995 et

152 1028 349 1069 motum
378 1024 606 1070 desiderat.
666 1026 796 1071 Haud
824 1027 953 1071 dubie
981 1027 1115 1084 igitur
1140 1039 1218 1082 pro
1241 1029 1409 1070 mente
1438 1024 1709 1069 scribendum

154 1099 221 1140 est
250 1099 414 1148 motu,
445 1096 559 1152 quod
584 1098 670 1141 iam
702 1102 831 1142 antea
856 1099 1090 1143 Lambinus
1119 1097 1357 1142 Philodemi
1383 1096 1494 1140 libro
1521 1095 1709 1139 nondum

151 1171 324 1225 reperto
355 1169 605 1212 coniecerat.
651 1196 700 1202 -
736 1171 886 1227 Neque
915 1185 1016 1214 vero
1046 1185 1141 1215 cum
1172 1169 1464 1214 Schoemanno
1492 1167 1709 1212 offenden-

154 1239 254 1284 dum
283 1242 351 1284 est
379 1239 425 1283 in
453 1240 737 1286 membrorum
760 1244 1089 1300 comparatione,
1115 1244 1190 1299 qui
1219 1242 1433 1286 sententia
1460 1241 1544 1284 loci
1570 1241 1710 1284 minus

152 1315 269 1356 recte
297 1316 525 1369 perspecta
553 1314 731 1358 alterius
762 1316 1022 1360 condicionis
1050 1315 1259 1359 excidisse
1286 1313 1496 1370 apodesin
1525 1312 1708 1357 arbitra-

151 1386 233 1428 tur.
290 1385 383 1429 Ista
416 1385 529 1429 enim
563 1387 775 1443 protasis:
816 1389 878 1441 „si
917 1382 988 1432 dii'
1019 1390 1201 1446 possunt
1234 1399 1329 1431 esse
1366 1387 1459 1430 sine
1498 1398 1627 1430 sensu
1665 1388 1710 1429 et

147 1459 291 1500 motu“
320 1470 399 1512 per
428 1458 629 1513 exegesin
658 1460 873 1514 quandam
904 1460 1106 1516 deinceps
1139 1460 1322 1503 iteratur
1352 1458 1420 1501 his
1449 1457 1614 1503 verbis:
1643 1458 1709 1510 „si

146 1528 243 1586 ipsa
275 1541 396 1571 mens
434 1532 630 1573 constare
663 1534 808 1587 potest
846 1546 1002 1576 vacans
1038 1535 1253 1588 corpore.“
1321 1528 1522 1573 Omnium
1563 1532 1708 1573 autem

146 1599 389 1656 linguarum
418 1600 551 1644 indoli
572 1604 703 1657 atque
732 1607 913 1648 naturae
934 1604 1156 1660 proprium
1184 1605 1263 1653 est,
1297 1601 1406 1644 duas
1435 1600 1707 1645 condiciones

141 1671 220 1714 uni
250 1671 487 1716 sententiae
508 1672 689 1717 alteram
711 1689 988 1731 praeponere,
1019 1675 1199 1719 alteram
1223 1677 1494 1730 postponere,
1523 1673 1572 1725 si,
1598 1686 1709 1728 quae

148 1744 440 1799 postponitur,
481 1744 588 1788 nihil
633 1746 716 1788 nisi
760 1746 938 1791 alterius
984 1747 1293 1791 accuratiorem
1332 1744 1522 1788 continet
1538 1771 1541 1775 -
1560 1743 1708 1787 defini·

87 1816 98 1826 ’
149 1814 321 1858 tionem.

290 1885 596 1931 Verumtamen
624 1887 670 1931 in
700 1888 787 1932 alia
814 1889 1067 1934 difficultate
1095 1887 1295 1941 tollenda,
1327 1901 1438 1943 quae
1465 1887 1523 1931 ad
1552 1887 1710 1931 doctri-

149 1969 248 1999 nam
277 1956 416 2012 ipsam
446 1959 652 2013 pertinet,
688 1974 773 2002 non
804 1975 941 2016 aeque
979 1961 1103 2004 nobis
1129 1973 1334 2016 prospere
1367 1959 1578 2003 succedet.
1636 1958 1708 2002 Ni·

146 2028 301 2072 mirum
331 2027 479 2073 Cicero
509 2029 733 2076 Thaletem
773 2032 934 2078 faciens
962 2032 1009 2076 id
1040 2032 1284 2089 docentem,
1319 2044 1477 2087 aquam
1505 2043 1602 2075 esse
1628 2030 1708 2075 ini·

148 2100 254 2143 tium
284 2114 448 2152 rerum,
487 2102 614 2145 deum
640 2109 784 2148 autem
823 2119 917 2149 eam
947 2109 1151 2156 mentem,
1192 2119 1303 2160 quae
1334 2118 1387 2148 ex
1413 2117 1530 2159 aqua
1554 2106 1709 2147 cuncta

147 2171 301 2228 fingat,
338 2172 466 2228 plane
505 2173 680 2217 dubium
716 2176 941 2231 relinquit,
983 2191 1111 2231 quam
1150 2176 1264 2219 iuter
1297 2189 1343 2219 se
1371 2188 1491 2218 mens
1520 2178 1566 2218 et
1594 2188 1709 2230 aqua

146 2243 338 2287 habeant
382 2244 605 2288 rationem.
671 2246 757 2290 Sed
807 2262 902 2290 cum
948 2247 1156 2291 eiusmodi
1204 2247 1446 2291 commixtio
1483 2247 1708 2301 utriusque

148 2313 346 2359 elementi
385 2315 448 2359 illi
477 2316 687 2373 placeret,
728 2323 777 2362 ut
814 2320 859 2364 in
887 2334 999 2380 aqua
1038 2320 1200 2364 inesset
1234 2332 1355 2362 mons
1392 2321 1614 2374 tamquam
1643 2318 1717 2362 vis>

146 2401 281 2445 agens
310 2388 390 2445 (sit
426 2388 550 2433 venia
577 2390 751 2449 verbo),
794 2406 905 2448 quae
939 2394 1082 2437 omnia
1116 2393 1299 2450 fingeret
1330 2396 1461 2448 atque
1487 2390 1706 2443 formaret,

148 2458 311 2515 Cicero,
341 2459 423 2503 etsi
440 2465 624 2505 mentem
642 2476 727 2507 non
756 2464 885 2520 plane
915 2466 1101 2522 seiungit
1130 2465 1186 2509 ab
1209 2478 1335 2519 aqua,
1365 2463 1532 2518 quodex
1554 2462 1707 2506 Velleii

147 2529 433 2576 obiectatione
462 2533 736 2591 intellegitur,
766 2540 913 2581 tamen
940 2551 1025 2581 non
1040 2541 1129 2580 tam
1158 2539 1290 2593 arcte,
1319 2549 1448 2591 quam
1480 2535 1611 2578 voluit
1627 2533 1705 2576 Mi-

146 2602 291 2658 lesius,
317 2603 490 2647 easdem
505 2605 728 2661 copulatas
754 2608 925 2652 videtur
939 2613 1127 2664 putasse.
1186 2608 1283 2651 Huc
1299 2606 1423 2650 nobis
1449 2605 1706 2660 addendum,

148 2673 368 2718 Thaletem
397 2675 537 2731 ipsum
569 2680 685 2721 certe
714 2678 769 2721 de
798 2683 939 2723 mente
968 2693 1052 2734 non
1081 2679 1305 2735 cogitasse,
1336 2676 1496 2732 quippe
1524 2691 1620 2721 cum
1644 2679 1706 2722 ni-

146 2744 209 2788 hil
247 2746 366 2789 aliud
403 2747 487 2790 nisi
523 2748 608 2792 vim
636 2753 834 2806 agentem
873 2752 919 2794 in
945 2765 1047 2795 vera
1073 2752 1164 2795 eius
1200 2751 1399 2794 doctrina
1426 2751 1705 2807 reperiamus.

141 2816 248 2873 Sed,
277 2820 375 2861 utut
403 2832 473 2862 res
501 2832 547 2864 se
569 2817 728 2873 habet,
766 2821 982 2867 Ciceronis
1012 2816 1337 2880 explicationem
1366 2821 1583 2866 confusam
1612 2837 1707 2867 esse

147 2894 277 2946 atque
299 2891 525 2935 obscuram
541 2895 647 2947 satis
664 2899 796 2950 patet.
855 2896 952 2940 Utri
981 2900 1126 2940 tamen
1155 2895 1263 2940 haec
1291 2895 1512 2939 doctrinae
1540 2898 1706 2951 pertur-

66 2978 68 2980 ·
138 2960 266 3006 ‘batio
293 2961 546 3018 imputanda
575 2964 643 3016 sit,
670 2965 865 3011 Ciceroni
892 2967 977 3024 ipsi
1006 2981 1065 3012 an
1095 2967 1283 3023 auctori,
1303 2969 1451 3021 utpote
1464 2965 1705 3010 Philodemi
