1945 3260
840 164 1127 233 -42-

341 278 550 325 Vsnimns
587 290 703 329 nunc
739 278 800 324 ad
827 276 1019 322 certiora
1080 277 1149 322 De
1175 275 1404 333 Chrysippi
1443 275 1561 322 enim
1595 279 1639 320 et
1667 275 1769 320 Dio

200 350 328 408 genis
357 349 588 407 Babylonii
618 350 811 407 placitis,
850 363 962 406 quae
998 349 1090 395 iam
1121 362 1269 394 curam
1294 353 1484 394 nostram
1513 361 1769 407 operamque

202 423 456 480 efflagitant,
485 426 577 467 tam
596 422 736 472 solida
755 422 873 478 apud
888 422 1183 466 Philodemum
1210 421 1454 469 invenimus
1474 420 1767 477 fundamenta,

202 499 249 539 ut
274 494 457 540 firmiter
486 494 551 538 sis
581 494 660 539 niti
685 498 729 538 et
756 494 955 545 insistere
984 506 1204 549 queamus.

343 566 469 611 Hanc
496 570 642 610 tamen
660 565 924 615 condicionis
951 565 1321 622 opportunitatem,
1348 577 1435 620 qua
1459 564 1505 608 in
1519 565 1767 620 insequente

203 637 506 693 disputationis
533 641 703 681 nostrae
733 641 855 694 parte
895 641 1085 693 utemur,
1120 649 1206 680 non
1245 635 1388 692 magis
1416 635 1616 680 fortunae
1642 636 1767 680 bene·

203 709 300 753 ficio
329 709 556 766 debemus,
584 722 695 765 quae
725 708 949 753 duodecim
981 707 1152 771 ᾳελίδας
1174 708 1364 752 omnium
1387 708 1544 765 optime
1574 711 1769 753 servatas

202 782 327 827 nobis
351 781 554 837 tradidit,
594 795 724 837 quam
765 781 1016 838 diligentiae
1045 786 1088 825 et
1117 780 1345 837 sagacitati
1382 780 1577 824 virorum
1603 780 1658 824 de
1690 780 1769 825 hoc

202 853 448 910 fragmento
486 853 644 909 optime
685 853 948 909 meritorum,
995 852 1227 897 Peter-senii
1239 886 1252 909 ,
1297 852 1515 909 Krischei,
1566 852 1767 909 Sauppei,

202 925 460 981 Gomperzii.
1228 919 1231 922 ’

340 994 465 1049 Quod
497 995 585 1041 iam
614 1008 746 1053 supra
775 995 821 1039 in
840 995 1015 1039 Persaei
1040 994 1233 1039 doctrina
1252 994 1543 1051 percensenda
1565 994 1767 1051 diximus,

205 1067 453 1112 Ciceronem
486 1082 572 1113 non
603 1068 753 1112 eodem
789 1081 841 1111 ac
878 1067 1172 1111 Philodemum
1209 1060 1357 1110 ordine
1400 1066 1559 1123 placita
1599 1067 1769 1123 singula

207 1153 500 1196 enumerasse,
540 1140 585 1185 id
613 1140 672 1184 ad
702 1139 1020 1184 dissolvendam
1048 1139 1269 1194 utriusque
1298 1139 1513 1196 scriptoris
1540 1138 1769 1183 necessitu-

206 1213 351 1256 dinem
382 1212 488 1256 nihll
516 1212 644 1267 valet,
672 1212 829 1268 quippe
858 1225 954 1255 cum
971 1211 1012 1254 ei
1030 1210 1243 1267 integrum
1256 1210 1622 1266 esset,tquomodo
1636 1210 1767 1254 Grae-

206 1297 257 1327 ca
284 1283 478 1329 subsidia
501 1283 545 1328 in
569 1296 692 1327 suum
707 1286 970 1341 converteret
983 1294 1128 1337 usum;
1159 1282 1288 1325 immo
1308 1282 1427 1325 illam
1443 1282 1596 1337 denuo,
1624 1295 1770 1337 quam-

204 1355 272 1398 vis
311 1355 427 1398 nullo
468 1355 653 1410 amplius
688 1354 940 1398 documento
975 1355 1082 1410 opus
1119 1368 1213 1398 esse
1254 1355 1470 1411 videatur,
1508 1355 1589 1398 hac
1621 1359 1769 1399 nostra

203 1427 491 1484 disputatione
529 1426 691 1482 liquido
739 1425 1056 1482 comprobatum
1095 1426 1147 1469 iri
1193 1432 1309 1471 certo
1356 1439 1494 1483 spero.
1553 1426 1639 1471 Sed
1683 1441 1768 1471 non

202 1500 345 1543 minus
381 1499 509 1546 facile
548 1498 637 1546 alia
663 1511 734 1558 res
762 1498 962 1544 notabilis
997 1498 1191 1554 expediri
1221 1503 1380 1555 potest:
1419 1498 1619 1542 nimirum
1654 1498 1768 1555 quod

201 1571 342 1615 adhuc
371 1571 580 1627 suspicari
608 1571 733 1617 nobis
763 1571 901 1626 licuit,
937 1584 1016 1615 nec
1051 1584 1151 1614 vero
1189 1570 1247 1614 ad
1281 1571 1492 1626 liquidum
1520 1571 1767 1628 perducere,

201 1642 425 1685 acerbiora
454 1641 644 1698 exordia,
674 1654 786 1697 quae
809 1644 926 1698 apud
952 1641 1200 1686 Ciceronem
1224 1642 1463 1699 disciplinis
1491 1643 1768 1700 complurium

200 1712 547 1769 philosophorum
582 1712 644 1756 ita
683 1717 782 1757 sunt
811 1714 1071 1770 praemissa,
1110 1718 1157 1757 ut
1201 1714 1345 1757 statim
1382 1714 1438 1757 ab
1474 1714 1596 1759 initio
1632 1716 1767 1760 animi

202 1784 383 1829 aliorum
412 1783 728 1841 abalienentur,
754 1799 839 1829 non
863 1785 998 1830 fuisse
1020 1785 1273 1842 Philodemi,
1301 1799 1428 1841 quem
1443 1786 1581 1830 virum
1612 1788 1769 1832 scimus

200 1858 441 1914 elegantem
471 1862 514 1901 et
542 1857 774 1902 humanum
804 1863 934 1914 atque
963 1859 1020 1902 ab
1056 1858 1136 1901 hoo
1171 1859 1324 1902 acerbe
1358 1859 1589 1902 cavillandi
1627 1860 1767 1905 studio

200 1931 389 1973 alienum
419 1929 567 1986 fuisse,
596 1929 642 1972 id
666 1929 747 1973 hoc
767 1931 858 1974 loco
888 1930 1075 1973 dilucide
1096 1930 1318 1985 evincitur,
1348 1943 1444 1973 cum
1464 1930 1585 1973 idem·
1607 1945 1677 1987 pg.
1697 1934 1766 1976 77.

200 2016 240 2045 v.
273 2003 325 2044 13
351 2014 414 2056 sq.
435 2000 580 2044 statim
596 2001 654 2044 ad
675 2002 910 2045 sententias
932 2000 1163 2060 Chrysippi
1182 2001 1460 2058 explicandas
1473 2001 1765 2059 adgrediatur.

339 2072 654 2124 Quaerentibus
683 2076 841 2130 autem,
870 2086 1059 2127 quanam
1089 2073 1142 2116 de
1173 2087 1304 2117 causa
1333 2074 1479 2118 Cicero
1504 2074 1615 2119 ultro
1642 2079 1765 2120 tanta

196 2144 468 2201 malignitate
506 2143 757 2189 relationem
786 2144 1000 2201 infecerit,
1040 2144 1119 2189 hoc
1145 2146 1316 2190 omnino
1344 2160 1429 2191 non
1458 2147 1647 2195 consulto
1674 2148 1763 2193 fac-

196 2222 287 2260 tum
318 2230 415 2261 esse
442 2217 725 2275 respondebo,
760 2232 861 2262 nam
891 2218 1089 2272 Zenonis,
1127 2231 1266 2274 quem,
1306 2233 1401 2263 cum
1430 2220 1607 2264 Athenis
1636 2225 1762 2278 esset,

193 2290 442 2345 frequenter
473 2289 696 2346 audiebat,
733 2290 972 2336 scholarum
1002 2304 1166 2335 memor
1202 2290 1371 2336 videtur
1408 2293 1654 2337 acerbitatis
1684 2295 1762 2338 ali-

193 2361 298 2418 quid
337 2363 592 2419 expositioni
640 2377 745 2408 suae
790 2363 1087 2409 immiscuisse.
1160 2363 1299 2415 Quam
1336 2365 1607 2409 vehementer
1646 2367 1761 2410 enim

192 2434 308 2480 Zeno
338 2439 504 2480 ceteros
525 2435 797 2492 philosophos
817 2436 1046 2481 cavillatus
1067 2435 1137 2491 sit,
1167 2435 1269 2479 inde
1296 2437 1395 2480 licet
1414 2437 1619 2493 concludi,
1647 2438 1761 2493 quod

193 2507 362 2551 Tullius
389 2507 481 2563 ipse
516 2520 614 2553 eum
641 2507 834 2563 perhibet
864 2521 1012 2552 senem
1039 2507 1293 2563 acriculum,
1320 2507 1393 2562 qui
1423 2508 1532 2551 alios
1560 2508 1760 2553 maledic-

192 2578 249 2622 tis
280 2578 441 2635 figebat
477 2578 552 2632 (cf,
576 2579 630 2624 N.
661 2580 714 2624 D.
739 2580 785 2637 I,
824 2582 861 2634 ἓ.
895 2582 964 2625 93.
997 2581 1125 2624 Tusc.
1157 2580 1235 2630 111,
1273 2582 1311 2634 ξ.
1340 2581 1422 2632 38).
1481 2580 1568 2624 Sed
1597 2585 1643 2624 ut
1670 2573 1782 2626 tan-¹

191 2650 289 2695 dem
311 2650 370 2693 ad
400 2663 490 2693 rem
522 2650 660 2706 ipsam
689 2652 959 2709 accedamus,
988 2652 1131 2709 prima
1161 2652 1294 2696 verba
1316 2650 1551 2695 Philodemi

251 2736 320 2779 pg-
347 2724 416 2779 77,
450 2725 514 2768 16.
546 2722 628 2766 Δία
659 2739 736 2781 φη-
998 2726 1066 2770 18.
1098 2740 1156 2769 τα
1178 2724 1435 2769 διοικοῦντα
1461 2719 1595 2781 λόγον

251 2798 315 2839 17.
348 2794 419 2841 σὶν
446 2790 558 2837 εἶναι
587 2793 669 2839 τὸν
698 2789 838 2839 ἅπαν·
992 2801 1059 2841 19.
1089 2797 1162 2840 καὶ
1191 2793 1272 2854 τὴν
1302 2796 1385 2839 τοῦ
1408 2790 1518 2839 ὅλου
1545 2793 1704 2853 ψυχὴν,

190 2882 322 2924 quam
360 2868 616 2917 sententiam
648 2869 876 2927 capitalem
910 2870 998 2915 iam
1027 2885 1057 2914 a
1090 2871 1261 2915 Zenone
1296 2873 1339 2914 ct
1367 2868 1573 2914 Cleanthe
1607 2882 1760 2926 cogno-

190 2940 346 2997 vimus,
375 2939 556 2985 fideliter
584 2940 733 2986 Cicero
763 2941 825 2986 sic
855 2943 1085 2986 convertit:
1117 2942 1282 2987 aitvim
1304 2941 1497 2986 divinam
1527 2941 1572 2984 in
1598 2941 1766 2987 ratione
