1945 3260
259 274 367 318 nihil
402 275 528 328 facit,
569 274 688 330 quia,
729 274 845 331 quod
880 274 1062 327 Krische
1104 275 1200 332 ipse
1234 276 1447 333 coneedit,
1483 278 1570 322 iam
1606 276 1823 323 Cieeronis

255 351 475 390 auctorem
496 347 614 401 apud
631 347 960 402 Xenophontem
988 347 1109 389 illum
1137 347 1277 390 locum
1301 347 1458 404 legisse
1484 349 1600 393 clare
1625 349 1822 404 adparet.

393 442 468 487 Sin
507 445 604 500 quis
640 444 768 489 etiam
802 444 1067 501 argumentis
1104 443 1246 488 adhuc
1277 444 1458 501 prolatis
1492 446 1537 490 in
1567 437 1822 491 sententiam

253 520 464 568 nostram,
513 530 641 571 quam
684 516 738 558 de
768 515 986 563 Ciceronis
1025 519 1201 558 auctore
1239 517 1561 571 proposuimus,
1603 517 1823 560 discedere
1879 534 1882 535 ⁷

252 586 525 641 dubitaverit,
556 587 594 632 ei
626 598 793 630 omnem
816 586 1060 643 scrupulum
1083 586 1160 631 illa
1189 587 1374 631 evellant
1403 602 1577 633 necesse
1604 591 1682 642 est,
1712 595 1823 645 quae

257 659 312 703 de
342 659 597 703 Antisthene
628 658 745 715 apud
773 657 1069 703 Philodamum
1098 658 1301 715 leguntur
1328 674 1401 715 pg.
1431 664 1500 703 72.
1534 664 1625 704 7a.:

311 736 392 774 3..
425 767 433 775 .
466 764 476 774 .
507 727 613 788 παρ’
633 726 801 781 Ἀντις-
1081 735 1119 773 6.
1150 727 1265 773 κατὰ
1289 726 1432 788 νόμον
1460 728 1571 775 εἶναι

310 805 348 844 4.
380 801 504 844 θένει
531 802 560 844 δ
587 799 636 844 ἐν
664 800 745 857 μὲν
771 808 827 857 τῳ
1080 805 1118 845 7.
1149 797 1347 853 πολλοὺς
1374 799 1522 854 θεοὺς,
1552 817 1626 845 κα-

313 877 359 917 5.
383 874 562 929 φυσικῷ
591 873 761 930 λέγεται
789 869 856 916 τὸ.
1078 877 1116 915 8.
1147 869 1203 916 τὰ
1226 873 1274 916 δὲ
1305 869 1441 929 φύσιν
1468 871 1555 917 ἕνα.

391 955 510 1003 Haec
521 960 633 1002 enim
650 958 708 1002 ad
718 959 892 1002 verbum
910 971 938 1001 a
952 957 1157 1001 Cicerone
1170 959 1382 1002 translata
1396 972 1490 1002 esse
1503 971 1650 1002 omnes
1662 957 1820 1009 vident,

252 1045 331 1075 nec
346 1030 460 1075 ullus
476 1030 588 1074 alius
606 1030 814 1074 historiae
829 1028 1127 1087 philosophiae
1150 1031 1417 1086 scriptorum,
1436 1030 1511 1086 qui
1529 1042 1674 1072 omnes
1693 1028 1823 1072 unum

253 1103 379 1147 deum
397 1103 555 1160 Cynico
573 1103 783 1159 tribuunt,
812 1107 889 1146 aut
917 1102 1049 1147 talem
1066 1104 1157 1147 eius
1175 1103 1431 1147 sententiam
1458 1102 1651 1159 tradidit,
1681 1099 1758 1147 aut
1773 1101 1821 1146 li-

252 1176 402 1231 brum,
422 1175 495 1231 qui
514 1177 707 1226 Φυσικος
726 1175 987 1227 inscribitur,
1016 1176 1371 1227 commemoravit,
1402 1180 1580 1233 excepto
1597 1174 1823 1219 Lactantio

255 1248 330 1302 (de
344 1249 412 1292 ira
427 1247 507 1292 Dei
523 1263 558 1292 c.
571 1248 656 1302 11.).
685 1248 758 1305 qui
778 1251 894 1292 totus
918 1262 971 1292 ex
985 1247 1186 1292 Cicerone
1206 1247 1377 1305 pendet.
1405 1247 1737 1292 Iamdoctrinam
1761 1246 1823 1304 ip-

256 1334 349 1365 sam
366 1321 660 1377 contemplans
671 1320 883 1363 Zellerum
895 1320 1075 1364 laudare
1091 1334 1175 1364 non
1191 1334 1376 1376 possum,
1394 1322 1466 1375 qui
1480 1320 1533 1374 11,
1543 1335 1613 1377 pg.
1630 1323 1713 1362 235
1728 1332 1824 1362 eum

255 1392 414 1436 multos
428 1392 700 1448 humanaque
719 1392 856 1436 forma
876 1391 1098 1449 praeditos
1120 1391 1222 1436 deos
1240 1392 1412 1436 omnino
1427 1391 1646 1438 stutulisse
1666 1394 1823 1443 censet,

255 1465 444 1514 nimiam,
474 1465 638 1520 opinor,
664 1463 795 1507 fidem
811 1462 984 1516 Velleio,
1011 1463 1224 1519 Epicureo
1238 1464 1302 1507 illi
1327 1463 1498 1519 quidem
1517 1465 1724 1514 tribuens,
1749 1463 1824 1518 qni

255 1536 343 1580 vim
377 1539 422 1579 et
456 1540 656 1579 naturam
684 1535 861 1579 deorum
892 1533 949 1578 ab
976 1534 1230 1579 Antisthene
1261 1534 1475 1579 sublatam
1506 1535 1681 1579 iudicat.
1740 1532 1823 1578 No—

256 1608 424 1653 biscum
452 1609 565 1652 enim
595 1607 886 1665 reputandum
917 1611 994 1659 est,
1025 1606 1261 1669 Epicureos
1293 1623 1388 1652 cum
1416 1609 1569 1653 Stoicis
1597 1608 1822 1653 interneci-

254 1695 356 1725 vum
391 1681 536 1725 odium
574 1683 820 1724 exercentes
859 1694 945 1723 non
996 1680 1132 1724 solum
1173 1695 1268 1725 eam
1303 1681 1358 1726 ob
1394 1695 1486 1725 rem
1524 1681 1822 1727 Antisthenem

253 1751 380 1796 facile
409 1754 612 1808 persequi
638 1752 846 1808 potuisse,
873 1751 989 1807 quod
1015 1752 1078 1794 illi
1108 1753 1232 1807 quasi
1253 1752 1347 1795 iure
1373 1752 1634 1796 hereditario
1661 1753 1823 1810 placita

255 1837 283 1868 a
311 1823 560 1881 Cyrenaicis
592 1826 871 1879 acceperant,
910 1822 988 1867 sed
1016 1823 1161 1875 etiam,
1193 1823 1308 1879 quod
1338 1823 1613 1869 Antisthenes
1642 1824 1736 1881 ipse
1761 1825 1821 1869 vi-

258 1894 387 1938 detur
424 1894 671 1938 Hedonioos
707 1894 952 1945 vellicasse,
989 1898 1138 1950 utpote
1175 1895 1344 1939 dicens:
1384 1896 1580 1953 μανείηυ.
1603 1891 1823 1953 μᾶλλονῆ

256 1960 451 2024 ἡσθεὶην,
480 1967 544 2009 ita
574 1970 624 2008 ut
647 1978 832 2021 aequum
862 1964 917 2008 de
947 1978 998 2008 eo
1026 1965 1228 2010 iudicium
1263 1966 1416 2010 fecisse
1441 1981 1526 2011 non
1555 1968 1643 2011 sint
1669 1971 1821 2023 putan—

256 2037 314 2082 di.
373 2037 512 2081 Multo
542 2037 749 2081 maiorem
788 2036 922 2093 igitur
954 2037 1277 2093 probabilitatis
1315 2038 1501 2094 speciem
1532 2038 1640 2083 haec
1676 2038 1821 2096 opinio

254 2123 362 2165 prae
391 2122 439 2152 se
463 2108 576 2152 ferre
604 2107 819 2160 videatur,
853 2108 1171 2160 Antisthenem,
1209 2111 1328 2153 cuius
1358 2124 1443 2153 non
1472 2110 1599 2154 modo
1631 2125 1820 2155 summus

255 2187 362 2238 erga
390 2181 646 2237 magistrum
674 2193 797 2223 amor
824 2180 997 2236 saepius
1025 2184 1383 2225 commemoratur
1410 2181 1477 2237 (ef.
1491 2181 1685 2239 Xenoph.
1702 2170 1821 2239 Sym·

254 2266 345 2308 pos.
376 2251 493 2304 VIII,
523 2257 574 2305 43
604 2252 837 2295 Memorab.
869 2251 1049 2303 111,11‚
1082 2257 1161 2305 17,
1150 2271 1159 2279 ·
1191 2252 1301 2296 Plat.
1331 2252 1490 2297 Phaed.
1521 2268 1590 2309 pg.
1621 2255 1713 2306 59),
1744 2252 1822 2297 sed

255 2324 387 2368 etiam
415 2323 702 2380 patrocinium
732 2323 923 2367 Socratis
964 2324 1200 2379 impietatis
1229 2324 1421 2368 accusati
1451 2325 1668 2382 cognitum
1689 2324 1820 2369 habe-

255 2408 351 2437 mus
393 2392 461 2446 (cf.
488 2393 610 2450 Diog.
641 2393 689 2437 L.
720 2395 781 2450 11,
809 2397 910 2450 43),
949 2395 1079 2438 etiam
1114 2396 1159 2438 in
1197 2394 1415 2452 theologia
1449 2399 1585 2440 totam
1623 2396 1822 2462 magistri

256 2466 515 2508 sententiam
545 2465 791 2522 amplexum
833 2478 947 2518 esse,
985 2469 1035 2508 nt
1067 2480 1198 2509 unum
1229 2467 1357 2510 deum
1386 2481 1481 2524 esse
1509 2470 1684 2525 putaret
1711 2471 1821 2524 cete-

254 2549 413 2593 rosque
435 2536 528 2581 eius
555 2531 774 2580 ministros
803 2535 1062 2593 perhiberet

396 2637 653 2682 Antisthene
695 2642 839 2683 autem
887 2639 1065 2682 dimisso
1102 2638 1371 2691 Ciceronem,
1419 2640 1493 2695 qui
1537 2638 1718 2683 subinde
1728 2639 1821 2682 ,sad

258 2709 546 2765 Speusippum
575 2710 751 2760 transit,
789 2710 942 2754 ducem
970 2713 1198 2768 sequentes
1236 2724 1395 2766 magna
1423 2709 1649 2754 adficimur
1683 2710 1819 2763 admi·

258 2780 437 2833 ratione,
467 2780 581 2838 quod
608 2781 865 2837 Aristippus,
896 2783 969 2839 qui
999 2782 1173 2840 quidem
1202 2795 1287 2825 non
1302 2782 1467 2825 minore
1495 2795 1624 2839 quam
1639 2780 1820 2838 Cynicus

256 2852 331 2896 ille
359 2852 619 2896 auctoritate
648 2852 693 2895 in
723 2851 998 2909 philosophia
1025 2852 1221 2905 florebat,
1253 2854 1422 2897 silentio
1451 2853 1820 2909 praetermittitur.

258 2921 399 2967 Huius
427 2926 577 2968 tamen
603 2922 763 2966 silentii
791 2936 966 2968 eausam
994 2938 1084 2969 non
1105 2928 1196 2969 tam
1225 2925 1326 2969 inde
1343 2927 1545 2981 repetere*
1562 2923 1675 2975 lieet,
1690 2922 1820 2981 aqnod
