1945 3260
759 197 1045 238 ..22-

180 314 218 355 5.
248 309 412 367 μένους
435 304 572 361 θεοὺς
599 302 694 352 οὔτ’
723 303 777 352 εἰ·
945 310 984 352 9.
1011 319 1112 363 αμα
1137 301 1259 363 πρὸς
1281 301 1463 359 τὸνβίον

179 388 220 428 ὃ.
248 382 324 427 ναὶ
351 392 485 439 φησιν
510 376 603 427 οὔτ’
631 379 731 425 εἶδέ.
910 383 978 424 10.
1007 373 1115 431 τούς
1141 374 1361 435 α’ρχώυς.
1394 412 1404 422 .
1438 412 1448 422 .
1481 411 1491 420 .
1519 411 1532 422 .

151 487 154 488 ⁷
198 495 200 497 ,
257 454 378 506 Quae
409 454 674 509 omniavenm
698 450 870 495 Prodici
901 450 1316 506 docti-inaperbene
1346 449 1593 499 convenire,
1630 461 1684 492 αι

121 524 288 571 duobus
327 524 447 568 Sexti
484 523 692 580 Empirici
726 522 831 566 locis
869 525 1011 577 patet,
1050 522 1127 565 nbi
1162 520 1315 565 eadem
1347 520 1437 565 fere
1468 520 1684 565 sententia

118 596 329 642 traditur:
362 595 457 641 adv.
476 595 602 652 Phys.
620 595 654 639 Ι.
673 596 713 650 ξ.
735 598 808 638 18:
865 591 1090 650 Πρόδικρς
1117 593 1166 637 δὲ
1188 590 1216 638 ὁ
1249 595 1377 645 Κεῖος
1409 586 1538 650 ἥλιόν
1576 605 1684 650 φησι
1738 644 1741 647 .

120 669 193 714 καὶ
228 664 410 725 σελήνην
449 668 521 711 καὶ
557 662 787 723 ποταμοὺς
822 665 896 710 καὶ
930 659 1095 722 κρήνας
1122 665 1196 707 καὶ
1223 659 1426 709 καθόλου
1453 659 1603 707 anima
1628 661 1684 707 τὰ

119 809 195 860 ἀπ’
215 808 367 857 αυτῶν
396 808 629 866 ω’φέλειαν,
658 806 868 866 καθάπερ
890 805 1128 866 Αἰγύπτιοι
1155 805 1239 852 τόν
1267 811 1442 852 Νεῖλον.
1499 808 1586 851 Καὶ
1613 808 1686 851 δὶα

118 885 255 930 τοῦτο
283 879 365 929 τόν
392 885 472 939 μὲν
496 878 634 939 ἄρτον
660 876 897 939 Δήμητραν
924 882 1155 939 xmae,
1183 877 1266 925 τὸν
1292 880 1341 924 δὲ
1369 876 1496 924 οᾶων
1523 874 1667 923 Αιόνυ

121 967 215 1011 σον,
244 951 298 999 τὸ
318 955 366 998 δὲ
383 956 476 1011 πῦρ
494 951 751 1010 (Ἡφαιστου,
780 955 853 998 καὶ
873 950 959 1011 ἢδη
981 956 1077 999 τῶν
1100 949 1469 1011 εὖχρηστούντων
1486 950 1687 1007 ἕκαστον,

120 1028 295 1076 et.ibid.
332 1030 371 1082 ξ.
405 1031 471 1071 52.
529 1021 752 1085 Πρόδικος
785 1026 833 1070 δὲ
859 1024 915 1070 τὸ
947 1023 1143 1082 ὀφελοῦν
1172 1022 1255 1071 τὸν
1284 1026 1383 1079 βίον
1414 1019 1688 1082 ὑπειλῆφθαι

119 1095 254 1155 θεόν,
292 1094 356 1150 ὡς
389 1094 514 1155 ἥλιον
553 1099 626 1142 καὶ
665 1094 849 1155 σελήνην
890 1099 963 1141 καὶ
1002 1095 1231 1154 ποταμοὺς
1262 1098 1337 1140 καὶ
1371 1098 1590 1153 λειμῶνας
1617 1092 1679 1138 xci

120 1167 321 1227 καρποὺς
334 1169 408 1212 καὶ
423 1170 524 1216 πᾶν
543 1166 597 1213 τὸ
626 1169 904 1221 τοιουτῶδες.
964 1170 1106 1225 Atque
1120 1169 1270 1214 Cicero
1300 1168 1430 1212 etiam
1457 1167 1570 1212 hanc
1596 1167 1686 1225 opi·

121 1244 291 1288 nionem
310 1242 478 1286 rettulit
493 1242 628 1285 nostri
650 1242 751 1286 libri
772 1243 899 1298 primi
928 1243 976 1294 ἓ..
1000 1247 1096 1293 118,
1122 1242 1197 1286 nbi
1226 1240 1398 1285 Cottam
1423 1240 1479 1284 de
1504 1240 1686 1285 Prodico

120 1312 352 1358 secundum
380 1310 586 1368 eundem,
621 1312 705 1356 nisi
732 1312 892 1368 fallor„
918 1311 1159 1357 Philodemi
1185 1313 1324 1356 locum
1353 1310 1462 1356 baec
1488 1310 1592 1355 fecit
1620 1310 1683 1354 di-

122 1388 308 1431 centem:
368 1383 537 1436 „Quid?
577 1383 787 1428 Prodicus
811 1384 942 1437 Ceus,
983 1386 1057 1440 qui
1086 1399 1149 1438 ea,
1188 1398 1302 1440 quae
1327 1384 1584 1440 prodessent
1610 1384 1685 1428 ho-

118 1456 280 1500 minum
307 1455 434 1506 vitae,
477 1456 653 1510 deorum
681 1456 727 1500 in
756 1470 931 1501 numero
962 1457 1113 1502 habita
1140 1471 1235 1502 esse
1264 1457 1396 1513 dixit,
1434 1470 1563 1513 quam
1591 1461 1684 1502 tan·

121 1528 219 1573 dem
249 1527 499 1584 religionem
522 1528 752 1583 reliquitP“
811 1529 898 1573 Cur
924 1543 1027 1573 vero
1056 1529 1110 1573 de
1140 1531 1213 1574 via
1238 1532 1479 1573 monstrata
1502 1529 1567 1573 ita
1596 1530 1686 1573 dis-

121 1598 319 1648 cesserit,
352 1602 402 1641 ut
430 1597 505 1643 Cei
533 1598 776 1644 doctrinam
802 1601 892 1643 alto
920 1603 1135 1655 premeret
1164 1600 1356 1650 silentio,
1396 1604 1565 1643 nosmet
1588 1600 1685 1656 ipsi.

121 1669 224 1725 quia
252 1667 370 1725 apud
393 1668 534 1725 ipsum
565 1669 692 1714 huius
720 1671 786 1714 rei
815 1671 978 1717 nullum
1006 1675 1224 1728 comparet
1249 1670 1475 1723 indicium,
1513 1685 1687 1716 causam

120 1741 329 1803 indagare
350 1739 565 1786 debemus.
626 1740 714 1786 Sed
731 1742 961 1801 diligenter
986 1743 1092 1787 mihi
1112 1742 1344 1799 inquirenti
1376 1755 1463 1786 non
1488 1741 1687 1788 dissimu-

121 1813 298 1860 laverim
315 1812 606 1874 nullamadeo
623 1828 718 1859 sese
736 1815 979 1861 insinuasse
998 1817 1297 1871 coniecturam,
1324 1818 1374 1859 ut
1386 1828 1480 1859 eam
1502 1828 1597 1859 cum
1610 1815 1687 1860 ali·

124 1899 211 1942 qua
242 1886 436 1930 veritatis
475 1885 618 1941 specie
651 1886 845 1943 proferre
873 1889 1047 1945 possim.
1104 1887 1216 1932 Nam
1231 1887 1317 1931 illa
1342 1886 1541 1943 suspicio,
1570 1886 1688 1932 Cice·

122 1969 281 2008 renem,
307 1957 421 2011 quod
439 1961 586 2000 nostro
604 1958 698 2002 loco
724 1972 796 2003 eos
824 1959 1051 2004 dumtaxat
1074 1957 1355 2016 philosophos
1379 1971 1688 2016 recognoscere

122 2029 317 2085 voluerit,
346 2029 432 2084 qui,
462 2022 783 2086 qualiscumque
808 2036 934 2084 esset,
960 2032 1151 2087 aliquam
1179 2036 1326 2075 tamen
1354 2030 1412 2074 de
1438 2029 1524 2074 diis
1553 2030 1687 2075 habn-

123 2102 261 2147 issent
285 2100 539 2155 opinionem,
570 2113 709 2156 neque
737 2116 836 2146 vero
867 2104 941 2158 qui
969 2103 1073 2147 deos
1103 2107 1180 2147 aut
1198 2102 1372 2146 omniuo
1398 2102 1687 2155 sustulissent,

124 2178 201 2219 aut
239 2173 285 2217 in
328 2186 399 2217 res
429 2173 648 2218 naturales
682 2173 1002 2232 dissolvissent,
1043 2179 1275 2232 propterea
1318 2174 1480 2218 nullam
1517 2174 1689 2219 Prodici

125 2245 383 2303 mentionem
421 2244 618 2289 iniecisse
633 2277 644 2293 ,
684 2259 764 2301 per
794 2260 841 2291 se
857 2266 859 2268 ·
878 2251 945 2290 est
973 2261 1151 2304 prorsus
1171 2238 1483 2302 improbabilis.
1541 2245 1688 2298 Quid?

99 2335 102 2338 Δ
125 2330 266 2361 nonne
291 2316 543 2360 memoravit
568 2316 859 2374 Protagoram,
890 2332 1017 2374 quem
1044 2319 1138 2375 ipse
1165 2321 1318 2374 postea
1343 2319 1383 2370 ξ.
1414 2321 1511 2360 118.
1539 2317 1586 2360 in
1614 2330 1691 2360 nu-

91 2379 96 2388 *
125 2401 288 2435 merum
298 2400 451 2439 eorum
466 2387 688 2440 adscribit,
719 2390 793 2444 qui
821 2387 1083 2446 religionem,
1113 2402 1224 2445 quae
1254 2388 1430 2432 deorum
1457 2386 1576 2431 cultu
1603 2388 1690 2445 pio,

126 2464 187 2505 ut·
208 2459 289 2511 ait,
328 2458 580 2512 continetur,
618 2459 747 2517 plane
776 2461 1071 2506 sustulerunt?
1130 2460 1297 2506 Stoicos
1325 2473 1427 2505 vero
1454 2459 1691 2516 symbolica

128 2546 201 2577 eos
228 2531 401 2587 quidem
422 2530 617 2577 doctrina
643 2532 697 2576 de
728 2532 811 2576 diis
836 2533 1006 2578 fabulas
1022 2533 1214 2590 poeticas
1240 2533 1289 2576 in
1315 2545 1465 2576 sensus
1492 2531 1689 2587 allegori-

129 2618 202 2650 cos
231 2603 554 2661 detorquentes,
578 2603 746 2661 ‚dignos
769 2606 951 2661 putavit,
982 2605 1036 2649 de
1063 2604 1219 2660 quibus
1246 2604 1417 2659 copiose
1446 2603 1689 2648 dissereret

128 2675 225 2737 Non
261 2674 445 2730 amplius
482 2674 635 2731 igitur,
660 2669 878 2731 'quoniam
920 2676 1252 2732 explicationem
1288 2674 1407 2718 nulli>
1430 2674 1690 2720 dubitationi

128 2747 356 2796 obnoxiam
383 2747 574 2803 reperire
608 2749 844 2806 nequimus,
878 2749 1117 2794 eruditione
1142 2753 1220 2793 aut
1247 2747 1422 2805 ingenio
1446 2748 1690 2807 abutamur,

129 2822 179 2865 ut
195 2819 360 2875 ineerta
379 2825 616 2866 commenta
637 2833 717 2876 pro
731 2834 778 2865 re
794 2822 1017 2878 explorata
1042 2834 1294 2878 expromere
1324 2834 1537 2874 conemur,
1566 2836 1689 2878 prae·

130 2891 278 2938 sertim
310 2903 427 2941 cum,
465 2890 503 2937 si
542 2891 775 2950 quidquam
804 2898 884 2950 est,
914 2893 959 2938 in
989 2907 1073 2948 quo
1101 2907 1175 2937 ars
1202 2892 1279 2938 illa
1306 2891 1524 2937 nesciendi
1548 2893 1689 2938 locum

129 2962 308 3014 habeat,
346 2962 530 3009 maxime
557 2963 604 3006 in
631 2977 679 3006 re
708 2964 788 3009 tali
815 2965 873 3011 sit
890 2964 1101 3010 tenenda.
1161 2963 1228 3009 Ne
1254 2967 1399 3009 tamen
1425 2967 1557 3009 antea
1585 2964 1688 3011 Pro·
