1945 3260
837 175 1124 219 -45-

197 289 390 334 deorum.
449 288 573 340 Quod
601 288 660 332 ad
690 287 804 332 hune
831 289 888 333 ab
910 293 1086 334 auctore
1126 288 1364 335 discessum
1402 295 1589 347 spectat,
1628 302 1762 335 causa

197 361 292 405 eins
317 375 346 405 a
368 359 577 405 Krischeo
605 361 632 405 l.
661 374 697 405 c.
727 374 798 418 pg.
827 361 913 404 469
951 359 1102 407 adlata
1130 360 1236 405 mihi
1278 361 1452 423 quidem
1486 361 1616 406 nimis
1638 361 1760 407 vide-

196 437 266 476 tur
295 432 547 487 artificiosa3
576 432 778 476 nimirum
807 432 1055 476 Ciceronem
1084 432 1339 489 arbitratur,
1377 446 1474 477 cum
1502 434 1659 478 seriem
1687 445 1759 477 ex-

196 503 441 561 plicationis
469 504 679 549 curiosius
706 516 880 548 servare
910 503 1019 548 nihil
1048 504 1142 548 eius
1169 504 1414 562 interesset,
1448 505 1659 551 elementa
1685 504 1760 549 illo

196 590 323 633 quem
346 577 393 620 in
422 580 581 621 natura
606 581 781 621 teneant
818 576 966 621 ordine
1000 581 1264 633 persecutum
1304 590 1418 634 esse,
1457 578 1548 622 aeri
1588 577 1759 623 coniun-

194 653 369 707 gentem
399 648 591 701 aethera,
629 649 675 693 in
704 662 788 705 quo
827 653 945 694 astra
983 649 1213 695 volvantur.
1273 649 1404 694 Multo
1442 653 1611 707 tamen,
1653 662 1761 708 reor,

198 722 435 778 simplicior
448 726 491 765 et
519 722 780 778 probabilior
805 726 872 766 est
897 722 1054 779 opinio,
1082 722 1342 778 Ciceronem,
1372 736 1469 767 oum
1486 722 1760 767 Philodemoa

195 794 242 838 in
266 806 374 850 opus
404 806 529 837 suum
557 793 832 850 transferret,
866 807 952 838 non
982 794 1153 851 singula
1188 794 1410 839 enuntiata
1437 793 1639 850 deinceps
1670 807 1759 851 per·

195 867 307 909 lecta
336 865 482 909 statim
512 865 559 908 in
588 865 790 908 Latinum
821 866 1096 921 convertisse,
1135 866 1226 922 sed,
1262 870 1309 909 ut
1336 866 1430 909 fere
1457 865 1525 918 fit,
1565 865 1760 922 pluribus

196 936 323 981 simul
362 936 507 981 animo
544 936 861 993 comprehensis
888 950 961 994 ea,
997 950 1108 993 quae
1130 941 1322 981 extrema
1358 936 1405 980 in
1444 935 1611 981 Graeco
1652 936 1759 981 libro

196 1008 392 1064 fuissent,
421 1009 467 1051 in
495 1008 700 1052 vertendo
724 1009 863 1065 prima
882 1009 1089 1066 posuisse.
1150 1008 1236 1053 Sed
1264 1021 1354 1065 nos,
1384 1008 1585 1063 quoniam
1611 1008 1689 1052 tali
1712 1009 1759 1052 in

196 1096 243 1127 re
280 1095 366 1126 non
412 1081 543 1126 nimis
582 1082 737 1127 curiosi
786 1095 882 1127 esse
925 1082 1154 1138 debemus,
1189 1081 1247 1125 ad
1285 1080 1503 1136 utriusque
1542 1080 1759 1137 scriptoris

197 1154 433 1198 sententias
471 1153 783 1210 comparandas
827 1158 1139 1199 convertamus.
1206 1153 1287 1196 Hic
1335 1154 1381 1196 in
1422 1153 1590 1196 duabus
1632 1152 1760 1196 rebus

198 1226 389 1270 Tullium
418 1226 476 1270 ab
505 1230 680 1270 auctore
709 1226 958 1282 degressum
993 1226 1227 1270 cernimus:
1271 1225 1454 1281 primum
1482 1224 1596 1268 enim
1621 1223 1758 1268 Philo·

198 1298 351 1343 demus
378 1298 461 1342 Δία
487 1297 582 1355 μέν,
612 1298 764 1355 inquit,
791 1294 904 1342 εἶναι
937 1294 1019 1342 τὸν
1047 1292 1148 1354 περὶ
1173 1293 1255 1355 τὴν
1282 1298 1375 1355 γῆν,
1404 1294 1487 1341 τὸν
1517 1296 1565 1340 δὲ
1594 1307 1759 1341 σκοτει-

196 1366 280 1414 νὸν
297 1364 463 1428 Ἅιδην,
493 1371 571 1415 sed
597 1371 749 1415 Cicero
777 1371 952 1415 aethera
983 1383 1079 1414 esse
1114 1384 1210 1414 eum
1241 1370 1364 1425 dicit,
1403 1383 1529 1425 quem
1568 1370 1760 1414 homines

194 1443 341 1487 Iovem
362 1442 579 1499 adpellent
606 1447 847 1498 terramque
875 1456 974 1487 eam·
999 1455 1095 1486 esse
1125 1455 1237 1497 quae
1252 1441 1384 1486 Ceres
1412 1441 1592 1487 dicatur.
1650 1442 1759 1486 Cum

193 1516 328 1573 igitur
358 1515 596 1572 Epicureus
624 1515 704 1559 tris
733 1515 906 1560 Saturni
934 1515 1046 1559 filios
1074 1529 1206 1559 unum
1235 1514 1501 1570 eundemque
1540 1528 1644 1560 aera
1674 1515 1758 1573 sig·

190 1588 369 1632 nificare
398 1587 568 1643 iudicet,
599 1587 674 1641 qui
702 1587 876 1642 quidem
905 1587 969 1630 ita
997 1587 1107 1630 inter
1136 1599 1184 1630 se
1212 1586 1425 1642 differant,
1455 1592 1502 1630 ut
1524 1587 1637 1630 alius
1664 1588 1756 1630 iux-

144 1688 146 1690 ·
189 1666 235 1706 ta
275 1660 409 1705 alium
445 1673 523 1717 per
557 1660 753 1704 diversas
783 1659 933 1704 mundi
962 1663 1106 1716 partes
1143 1663 1365 1716 permeent
1394 1664 1651 1716 regantque,
1688 1660 1756 1704 Ci-

190 1746 287 1777 cero
316 1733 436 1776 illam
475 1732 676 1775 unionem
711 1745 797 1775 non
837 1731 973 1775 solum
1004 1730 1222 1786 dissolvit,
1262 1731 1340 1774 sed
1375 1736 1418 1775 et
1455 1729 1653 1775 Cererem
1682 1745 1757 1788 pro

191 1805 369 1849 Plutone
390 1803 617 1848 substituit.
676 1803 809 1848 Cuius
836 1801 1150 1860 discrepantiae
1180 1802 1342 1847 nullam
1372 1800 1559 1859 proferre
1585 1816 1757 1860 possum

190 1890 368 1920 causam
397 1876 483 1919 nisi
510 1888 620 1930 eam,
652 1875 766 1930 quod
794 1875 956 1931 Cicero,
985 1877 1106 1919 cuius
1135 1876 1352 1931 intererat,
1378 1875 1549 1918 turbam
1578 1875 1756 1920 deorum

191 1961 322 2003 quam
352 1946 541 1991 maxime
566 1960 740 2004 augere,
769 1949 982 1990 contemta
1009 1945 1086 1989 illa
1115 1945 1284 2002 unione,
1313 1958 1425 2001 quae
1453 1945 1563 1990 inter
1578 1944 1757 2005 -Jovem,

191 2020 434 2076 Plutonem,
463 2019 710 2076 Neptunum
740 2018 975 2063 secundum
997 2017 1229 2074 Chrysippi
1257 2017 1496 2063 doctrinam
1521 2017 1756 2077 intercedit,

190 2093 343 2138 Jovem
364 2092 541 2137 aethera
560 2091 730 2148 dixerit,
759 2086 918 2136 terram
937 2104 1038 2136 vero
1055 2089 1265 2142 Cererem,
1295 2105 1456 2136 memor
1475 2089 1659 2136 fortasse
1688 2106 1756 2137 eo·

188 2179 297 2220 rum,
327 2178 438 2220 quae
461 2169 593 2208 antea
617 2178 687 2220 pg.
711 2165 779 2207 79.
809 2178 850 2208 v.
882 2166 938 2207 24
968 2176 1031 2217 sq.
1059 2163 1248 2218 legerat:
1286 2162 1368 2205 Δία
1395 2162 1444 2206 δὲ
1470 2161 1552 2207 τὸν
1582 2162 1756 2221 αἰθέρα,

188 2234 295 2289 τοὺς
334 2236 383 2280 δὲ
421 2232 502 2293 τὴν
535 2230 750 2294 Δήμητρα
775 2236 869 2293 γῆν.
928 2235 1054 2279 Hanc
1082 2239 1225 2279 autem
1255 2236 1538 2292 suspicionem
1563 2249 1649 2280 non
1668 2250 1756 2280 om-

188 2310 235 2351 ni
282 2322 439 2352 vacare
489 2306 756 2351 dubitatione
779 2319 865 2351 non
900 2307 1076 2362 infitior,
1115 2310 1259 2362 utpote
1292 2305 1365 2361 qui
1397 2306 1512 2351 haud
1549 2307 1755 2364 ignorem,

190 2394 321 2436 quam
343 2379 520 2424 difficile
550 2380 620 2436 sit,
646 2380 725 2423 tali
755 2379 802 2422 in
829 2390 877 2423 re
904 2378 1008 2423 certi
1036 2377 1140 2433 quid
1170 2389 1425 2434 expromere.
1484 2376 1756 2423 Philodemus

188 2453 346 2499 deinde
373 2466 444 2509 pg.
473 2453 542 2497 80.
563 2448 611 2496 v.
645 2454 699 2496 10
729 2464 791 2508 sq.
823 2451 885 2495 sic
913 2450 1075 2508 pergit:

275 2529 314 2572 9.
513 2526 587 2568 καὶ
611 2521 693 2568 τὸυ
722 2519 812 2582 '‘7¹2‘-
1025 2525 1090 2568 13.
1122 2538 1197 2567 ται
1221 2523 1294 2566 καὶ
1321 2520 1404 2567 τὸν
1428 2520 1569 2580 νόμον

249 2603 313 2644 10.
344 2595 400 2643 όν
425 2614 474 2641 τε
499 2599 573 2641 καὶ
600 2594 682 2655 τὴν
712 2591 831 2654 σελή-
1023 2598 1087 2639 14.
1118 2596 1190 2638 καὶ
1218 2589 1493 2652 ἀνθρώπους
1520 2594 1581 2647 εἰς

249 2676 315 2716 11.
345 2687 429 2729 νην
457 2671 531 2714 καὶ
557 2668 665 2722 τοὺς
690 2664 853 2721 ἄλλους
1015 2669 1080 2713 15.
1110 2664 1246 2720 θεὸύς
1274 2678 1382 2725 φησι
1406 2661 1617 2725 μεταβάλ-

247 2747 315 2788 12.
345 2739 533 2800 ἀστέρας
559 2740 696 2794 θεοὺς
722 2741 803 2786 οἲε-
1015 2744 1081 2787 16.
1111 2744 1217 2786 λειν.

330 2816 497 2869 Quibus
541 2829 637 2859 cum
676 2815 803 2859 dictis
841 2816 1043 2861 Tulliana
1078 2816 1185 2860 haec
1221 2825 1542 2870 componamus:
1581 2812 1752 2869 „solem,

188 2891 349 2945 lunam,
371 2886 518 2932 sidera
543 2887 947 2944 universitatemque
962 2902 1117 2944 rerum,
1142 2901 1229 2943 qua
1255 2885 1400 2929 omnia
1428 2884 1752 2940 continerentur,

186 2968 316 3018 atque
336 2962 468 3006 etiam
498 2964 690 3008 homines
719 2974 805 3018 eos,
834 2963 908 3018 qui
937 2961 1297 3007 immortalitatem
1326 2962 1469 3004 essent
1496 2956 1752 3002 consecuti.“
