<?xml version="1.0" encoding="UTF-8"?>
<!DOCTYPE html PUBLIC "-//W3C//DTD XHTML 1.0 Transitional//EN"
    "http://www.w3.org/TR/xhtml1/DTD/xhtml1-transitional.dtd">
<html xmlns="http://www.w3.org/1999/xhtml" xml:lang="en" lang="en">
 <head>
  <title>
</title>
<meta http-equiv="Content-Type" content="text/html;charset=utf-8" />
  <meta name='ocr-system' content='tesseract 3.04.00' />
  <meta name='ocr-capabilities' content='ocr_page ocr_carea ocr_par ocr_line ocrx_word'/>
</head>
<body>
  <div class='ocr_page' id='page_1' title='image "./4627452_0016.png"; bbox 0 0 1945 3260; ppageno 0'>
   <div class='ocr_carea' id='block_1_1' title="bbox 860 198 1115 238">
    <p class='ocr_par' dir='ltr' id='par_1_1' title="bbox 860 198 1115 238">
     <span class='ocr_line' id='line_1_1' title="bbox 860 198 1115 238; baseline 0 -12"><span class='ocrx_word' id='word_1_1' title='bbox 860 198 1115 238; x_wconf 70' lang='grc'><strong>-4-</strong></span> 
     </span>
    </p>
   </div>
   <div class='ocr_carea' id='block_1_2' title="bbox 202 307 1770 789">
    <p class='ocr_par' dir='ltr' id='par_1_2' title="bbox 202 307 1770 789">
     <span class='ocr_line' id='line_1_2' title="bbox 209 307 1770 366; baseline 0 -15"><span class='ocrx_word' id='word_1_2' title='bbox 209 308 356 351; x_wconf 87' lang='lat' dir='ltr'><strong>tentiis</strong></span> <span class='ocrx_word' id='word_1_3' title='bbox 406 311 456 352; x_wconf 93' lang='lat' dir='ltr'><strong>ut</strong></span> <span class='ocrx_word' id='word_1_4' title='bbox 499 307 695 352; x_wconf 86' lang='lat' dir='ltr'><strong>futilibus</strong></span> <span class='ocrx_word' id='word_1_5' title='bbox 727 307 1120 361; x_wconf 83' lang='lat' dir='ltr'><strong>commenticiisque</strong></span> <span class='ocrx_word' id='word_1_6' title='bbox 1160 309 1433 363; x_wconf 81' lang='lat' dir='ltr'><strong>reprehensis</strong></span> <span class='ocrx_word' id='word_1_7' title='bbox 1476 312 1533 354; x_wconf 86' lang='lat' dir='ltr'><strong>ad</strong></span> <span class='ocrx_word' id='word_1_8' title='bbox 1574 309 1770 366; x_wconf 74' lang='lat' dir='ltr'><strong>magistri</strong></span> 
     </span>
     <span class='ocr_line' id='line_1_3' title="bbox 203 379 1769 438; baseline 0.001 -16"><span class='ocrx_word' id='word_1_9' title='bbox 203 379 366 435; x_wconf 86' lang='lat' dir='ltr'><strong>placita</strong></span> <span class='ocrx_word' id='word_1_10' title='bbox 395 379 639 424; x_wconf 88' lang='lat' dir='ltr'><strong>enarranda</strong></span> <span class='ocrx_word' id='word_1_11' title='bbox 662 379 946 423; x_wconf 89' lang='lat' dir='ltr'><strong>transiturum</strong></span> <span class='ocrx_word' id='word_1_12' title='bbox 975 392 1069 422; x_wconf 88' lang='lat' dir='ltr'><strong>esse</strong></span> <span class='ocrx_word' id='word_1_13' title='bbox 1100 392 1238 434; x_wconf 90' lang='lat' dir='ltr'><strong>paene</strong></span> <span class='ocrx_word' id='word_1_14' title='bbox 1268 386 1388 425; x_wconf 87' lang='lat' dir='ltr'><strong>certo</strong></span> <span class='ocrx_word' id='word_1_15' title='bbox 1419 382 1637 438; x_wconf 77' lang='lat' dir='ltr'><strong>sperabas,</strong></span> <span class='ocrx_word' id='word_1_16' title='bbox 1676 393 1769 424; x_wconf 90' lang='lat' dir='ltr'><strong>ora-</strong></span> 
     </span>
     <span class='ocr_line' id='line_1_4' title="bbox 202 449 1769 507; baseline 0 -14"><span class='ocrx_word' id='word_1_17' title='bbox 202 450 363 493; x_wconf 90' lang='lat' dir='ltr'><strong>tionem</strong></span> <span class='ocrx_word' id='word_1_18' title='bbox 403 464 526 493; x_wconf 88' lang='lat' dir='ltr'><strong>suam</strong></span> <span class='ocrx_word' id='word_1_19' title='bbox 561 464 597 493; x_wconf 90' lang='lat' dir='ltr'><strong>c.</strong></span> <span class='ocrx_word' id='word_1_20' title='bbox 631 451 696 493; x_wconf 91' lang='grc'><strong>10.</strong></span> <span class='ocrx_word' id='word_1_21' title='bbox 728 452 766 504; x_wconf 66' lang='grc' dir='ltr'><strong>ξ.</strong></span> <span class='ocrx_word' id='word_1_22' title='bbox 796 452 864 492; x_wconf 86' lang='grc'><strong>25.</strong></span> <span class='ocrx_word' id='word_1_23' title='bbox 896 450 1119 493; x_wconf 88' lang='lat' dir='ltr'><strong>continuat</strong></span> <span class='ocrx_word' id='word_1_24' title='bbox 1148 449 1268 493; x_wconf 84' lang='lat' dir='ltr'><strong>brevi</strong></span> <span class='ocrx_word' id='word_1_25' title='bbox 1297 451 1643 507; x_wconf 85' lang='lat' dir='ltr'><strong>adumbratione,</strong></span> <span class='ocrx_word' id='word_1_26' title='bbox 1684 464 1769 506; x_wconf 92' lang='lat' dir='ltr'><strong>qua</strong></span> 
     </span>
     <span class='ocr_line' id='line_1_5' title="bbox 204 519 1769 578; baseline 0 -14"><span class='ocrx_word' id='word_1_27' title='bbox 204 520 380 564; x_wconf 89' lang='lat' dir='ltr'><strong>XXVII.</strong></span> <span class='ocrx_word' id='word_1_28' title='bbox 419 521 770 576; x_wconf 89' lang='lat' dir='ltr'><strong>philosophorum</strong></span> <span class='ocrx_word' id='word_1_29' title='bbox 799 519 1063 564; x_wconf 87' lang='lat' dir='ltr'><strong>Graecorum</strong></span> <span class='ocrx_word' id='word_1_30' title='bbox 1102 520 1157 564; x_wconf 90' lang='lat' dir='ltr'><strong>de</strong></span> <span class='ocrx_word' id='word_1_31' title='bbox 1196 520 1326 565; x_wconf 91' lang='lat' dir='ltr'><strong>rebus</strong></span> <span class='ocrx_word' id='word_1_32' title='bbox 1366 522 1520 567; x_wconf 85' lang='lat' dir='ltr'><strong>divinis</strong></span> <span class='ocrx_word' id='word_1_33' title='bbox 1549 521 1769 578; x_wconf 84' lang='lat' dir='ltr'><strong>opiniones</strong></span> 
     </span>
     <span class='ocr_line' id='line_1_6' title="bbox 205 588 1770 647; baseline -0.001 -14"><span class='ocrx_word' id='word_1_34' title='bbox 205 597 482 635; x_wconf 83' lang='lat' dir='ltr'><strong>recensentur</strong></span> <span class='ocrx_word' id='word_1_35' title='bbox 517 595 562 634; x_wconf 91' lang='lat' dir='ltr'><strong>et</strong></span> <span class='ocrx_word' id='word_1_36' title='bbox 590 591 866 634; x_wconf 85' lang='lat' dir='ltr'><strong>acerbissime</strong></span> <span class='ocrx_word' id='word_1_37' title='bbox 903 588 1188 633; x_wconf 83' lang='lat' dir='ltr'><strong>confutantur.</strong></span> <span class='ocrx_word' id='word_1_38' title='bbox 1246 591 1397 647; x_wconf 89' lang='lat' dir='ltr'><strong>Neque</strong></span> <span class='ocrx_word' id='word_1_39' title='bbox 1424 600 1524 636; x_wconf 83' lang='lat' dir='ltr'><strong>vero</strong></span> <span class='ocrx_word' id='word_1_40' title='bbox 1564 593 1770 635; x_wconf 90' lang='lat' dir='ltr'><strong>minorem</strong></span> 
     </span>
     <span class='ocr_line' id='line_1_7' title="bbox 204 660 1769 717; baseline -0.001 -12"><span class='ocrx_word' id='word_1_41' title='bbox 204 662 338 705; x_wconf 91' lang='lat' dir='ltr'><strong>habet</strong></span> <span class='ocrx_word' id='word_1_42' title='bbox 372 663 723 712; x_wconf 81' lang='lat' dir='ltr'><strong>admirationem,</strong></span> <span class='ocrx_word' id='word_1_43' title='bbox 768 661 883 716; x_wconf 91' lang='lat' dir='ltr'><strong>quod</strong></span> <span class='ocrx_word' id='word_1_44' title='bbox 912 660 1123 716; x_wconf 89' lang='lat' dir='ltr'><strong>Velleius,</strong></span> <span class='ocrx_word' id='word_1_45' title='bbox 1161 662 1354 716; x_wconf 87' lang='lat' dir='ltr'><strong>quamvis</strong></span> <span class='ocrx_word' id='word_1_46' title='bbox 1383 677 1418 705; x_wconf 89' lang='lat' dir='ltr'><strong>c.</strong></span> <span class='ocrx_word' id='word_1_47' title='bbox 1449 663 1502 706; x_wconf 88' lang='lat' dir='ltr'><strong>X.</strong></span> <span class='ocrx_word' id='word_1_48' title='bbox 1534 667 1573 717; x_wconf 62' lang='grc' dir='ltr'><strong>ξ.</strong></span> <span class='ocrx_word' id='word_1_49' title='bbox 1606 666 1672 705; x_wconf 83' lang='grc'><strong>25.</strong></span> <span class='ocrx_word' id='word_1_50' title='bbox 1701 661 1769 704; x_wconf 90' lang='lat' dir='ltr'><strong>his</strong></span> 
     </span>
     <span class='ocr_line' id='line_1_8' title="bbox 205 731 1769 789; baseline -0.001 -14"><span class='ocrx_word' id='word_1_51' title='bbox 205 732 348 776; x_wconf 87' lang='lat' dir='ltr'><strong>verbis</strong></span> <span class='ocrx_word' id='word_1_52' title='bbox 374 731 477 776; x_wconf 89' lang='lat' dir='ltr'><strong>usus</strong></span> <span class='ocrx_word' id='word_1_53' title='bbox 505 736 661 787; x_wconf 87' lang='lat' dir='ltr'><strong>„atque</strong></span> <span class='ocrx_word' id='word_1_54' title='bbox 690 731 798 774; x_wconf 89' lang='lat' dir='ltr'><strong>haec</strong></span> <span class='ocrx_word' id='word_1_55' title='bbox 828 731 1001 785; x_wconf 88' lang='lat' dir='ltr'><strong>quidem</strong></span> <span class='ocrx_word' id='word_1_56' title='bbox 1030 735 1194 784; x_wconf 86' lang='lat' dir='ltr'><strong>vestra,</strong></span> <span class='ocrx_word' id='word_1_57' title='bbox 1232 732 1395 775; x_wconf 90' lang='lat' dir='ltr'><strong>Lucili“</strong></span> <span class='ocrx_word' id='word_1_58' title='bbox 1427 737 1575 789; x_wconf 89' lang='lat' dir='ltr'><strong>aperte</strong></span> <span class='ocrx_word' id='word_1_59' title='bbox 1604 732 1769 775; x_wconf 90' lang='lat' dir='ltr'><strong>Stoicos</strong></span> 
     </span>
    </p>
   </div>
   <div class='ocr_carea' id='block_1_3' title="bbox 119 802 1769 859">
    <p class='ocr_par' dir='ltr' id='par_1_3' title="bbox 119 802 1769 859">
     <span class='ocr_line' id='line_1_9' title="bbox 119 802 1769 859; baseline -0.002 -12"><span class='ocrx_word' id='word_1_60' title='bbox 119 853 121 855; x_wconf 51' lang='grc'><strong>,</strong></span> <span class='ocrx_word' id='word_1_61' title='bbox 204 803 349 847; x_wconf 84' lang='lat' dir='ltr'><strong>valere</strong></span> <span class='ocrx_word' id='word_1_62' title='bbox 387 804 565 847; x_wconf 90' lang='lat' dir='ltr'><strong>iussisse</strong></span> <span class='ocrx_word' id='word_1_63' title='bbox 596 817 642 846; x_wconf 92' lang='lat' dir='ltr'><strong>se</strong></span> <span class='ocrx_word' id='word_1_64' title='bbox 670 802 964 854; x_wconf 82' lang='lat' dir='ltr'><strong>declaraverit,</strong></span> <span class='ocrx_word' id='word_1_65' title='bbox 1007 802 1053 844; x_wconf 91' lang='lat' dir='ltr'><strong>in</strong></span> <span class='ocrx_word' id='word_1_66' title='bbox 1084 807 1288 857; x_wconf 89' lang='lat' dir='ltr'><strong>sequente</strong></span> <span class='ocrx_word' id='word_1_67' title='bbox 1311 803 1500 848; x_wconf 85' lang='lat' dir='ltr'><strong>Graecae</strong></span> <span class='ocrx_word' id='word_1_68' title='bbox 1530 802 1769 859; x_wconf 84' lang='lat' dir='ltr'><strong>theologiae</strong></span> 
     </span>
    </p>
   </div>
   <div class='ocr_carea' id='block_1_4' title="bbox 205 865 1770 1570">
    <p class='ocr_par' dir='ltr' id='par_1_4' title="bbox 205 865 1770 1570">
     <span class='ocr_line' id='line_1_10' title="bbox 205 865 1770 929; baseline -0.001 -12"><span class='ocrx_word' id='word_1_69' title='bbox 205 865 536 918; x_wconf 83' lang='lat' dir='ltr'><strong>adumbratione</strong></span> <span class='ocrx_word' id='word_1_70' title='bbox 565 877 664 929; x_wconf 92' lang='lat' dir='ltr'><strong>post</strong></span> <span class='ocrx_word' id='word_1_71' title='bbox 682 865 1066 928; x_wconf 88' lang='lat' dir='ltr'><strong>Peripateticorum</strong></span> <span class='ocrx_word' id='word_1_72' title='bbox 1091 887 1315 918; x_wconf 85' lang='lat' dir='ltr'><strong>censuram</strong></span> <span class='ocrx_word' id='word_1_73' title='bbox 1329 876 1468 919; x_wconf 87' lang='lat' dir='ltr'><strong>verbis</strong></span> <span class='ocrx_word' id='word_1_74' title='bbox 1498 879 1571 926; x_wconf 93' lang='lat' dir='ltr'><strong>„ut</strong></span> <span class='ocrx_word' id='word_1_75' title='bbox 1598 876 1683 917; x_wconf 91' lang='lat' dir='ltr'><strong>iam</strong></span> <span class='ocrx_word' id='word_1_76' title='bbox 1712 874 1770 917; x_wconf 90' lang='lat' dir='ltr'><strong>ad</strong></span> 
     </span>
     <span class='ocr_line' id='line_1_11' title="bbox 207 943 1767 1002; baseline -0.001 -13"><span class='ocrx_word' id='word_1_77' title='bbox 207 949 394 1002; x_wconf 85' lang='lat' dir='ltr'><strong>vestros,</strong></span> <span class='ocrx_word' id='word_1_78' title='bbox 425 946 573 996; x_wconf 90' lang='lat' dir='ltr'><strong>Balbe,</strong></span> <span class='ocrx_word' id='word_1_79' title='bbox 601 945 793 989; x_wconf 85' lang='lat' dir='ltr'><strong>veniam“</strong></span> <span class='ocrx_word' id='word_1_80' title='bbox 827 944 885 988; x_wconf 89' lang='lat' dir='ltr'><strong>ad</strong></span> <span class='ocrx_word' id='word_1_81' title='bbox 916 943 1082 988; x_wconf 88' lang='lat' dir='ltr'><strong>Stoicos</strong></span> <span class='ocrx_word' id='word_1_82' title='bbox 1109 945 1282 990; x_wconf 90' lang='lat' dir='ltr'><strong>rediens</strong></span> <span class='ocrx_word' id='word_1_83' title='bbox 1312 947 1506 1000; x_wconf 88' lang='lat' dir='ltr'><strong>Zenonis,</strong></span> <span class='ocrx_word' id='word_1_84' title='bbox 1538 944 1767 996; x_wconf 86' lang='lat' dir='ltr'><strong>Cleanthis,</strong></span> 
     </span>
     <span class='ocr_line' id='line_1_12' title="bbox 206 1015 1769 1071; baseline 0.002 -15"><span class='ocrx_word' id='word_1_85' title='bbox 206 1015 401 1070; x_wconf 90' lang='lat' dir='ltr'><strong>Persaei,</strong></span> <span class='ocrx_word' id='word_1_86' title='bbox 441 1016 690 1071; x_wconf 82' lang='lat' dir='ltr'><strong>Chrysippi,</strong></span> <span class='ocrx_word' id='word_1_87' title='bbox 729 1015 934 1070; x_wconf 88' lang='lat' dir='ltr'><strong>Diogenis</strong></span> <span class='ocrx_word' id='word_1_88' title='bbox 965 1015 1188 1071; x_wconf 82' lang='lat' dir='ltr'><strong>Babylonii</strong></span> <span class='ocrx_word' id='word_1_89' title='bbox 1210 1019 1444 1060; x_wconf 87' lang='lat' dir='ltr'><strong>sententias</strong></span> <span class='ocrx_word' id='word_1_90' title='bbox 1472 1018 1607 1060; x_wconf 87' lang='lat' dir='ltr'><strong>tradit</strong></span> <span class='ocrx_word' id='word_1_91' title='bbox 1634 1021 1677 1059; x_wconf 93' lang='lat' dir='ltr'><strong>et</strong></span> <span class='ocrx_word' id='word_1_92' title='bbox 1705 1031 1769 1059; x_wconf 92' lang='lat' dir='ltr'><strong>re·</strong></span> 
     </span>
     <span class='ocr_line' id='line_1_13' title="bbox 205 1083 1769 1141; baseline 0.001 -13"><span class='ocrx_word' id='word_1_93' title='bbox 205 1083 331 1128; x_wconf 85' lang='lat' dir='ltr'><strong>futat.</strong></span> <span class='ocrx_word' id='word_1_94' title='bbox 390 1086 528 1138; x_wconf 83' lang='lat' dir='ltr'><strong>Quam</strong></span> <span class='ocrx_word' id='word_1_95' title='bbox 549 1086 703 1128; x_wconf 88' lang='lat' dir='ltr'><strong>miram</strong></span> <span class='ocrx_word' id='word_1_96' title='bbox 722 1085 944 1141; x_wconf 91' lang='lat' dir='ltr'><strong>scriptoris</strong></span> <span class='ocrx_word' id='word_1_97' title='bbox 965 1085 1297 1131; x_wconf 87' lang='lat' dir='ltr'><strong>inconstantiam</strong></span> <span class='ocrx_word' id='word_1_98' title='bbox 1317 1088 1380 1131; x_wconf 89' lang='lat' dir='ltr'><strong>ita</strong></span> <span class='ocrx_word' id='word_1_99' title='bbox 1409 1087 1565 1131; x_wconf 87' lang='lat' dir='ltr'><strong>dixerit</strong></span> <span class='ocrx_word' id='word_1_100' title='bbox 1587 1086 1769 1130; x_wconf 86' lang='lat' dir='ltr'><strong>fortasse</strong></span> 
     </span>
     <span class='ocr_line' id='line_1_14' title="bbox 208 1156 1769 1212; baseline 0.001 -14"><span class='ocrx_word' id='word_1_101' title='bbox 208 1156 421 1212; x_wconf 87' lang='lat' dir='ltr'><strong>quispiam</strong></span> <span class='ocrx_word' id='word_1_102' title='bbox 470 1156 705 1200; x_wconf 88' lang='lat' dir='ltr'><strong>tollendam</strong></span> <span class='ocrx_word' id='word_1_103' title='bbox 752 1169 846 1199; x_wconf 88' lang='lat' dir='ltr'><strong>esse</strong></span> <span class='ocrx_word' id='word_1_104' title='bbox 851 1190 864 1212; x_wconf 83' lang='lat'><em>‚</em></span> <span class='ocrx_word' id='word_1_105' title='bbox 909 1160 959 1199; x_wconf 93' lang='lat' dir='ltr'><strong>ut</strong></span> <span class='ocrx_word' id='word_1_106' title='bbox 992 1158 1220 1211; x_wconf 86' lang='lat' dir='ltr'><strong>posteriori</strong></span> <span class='ocrx_word' id='word_1_107' title='bbox 1256 1159 1349 1203; x_wconf 91' lang='lat' dir='ltr'><strong>loco</strong></span> <span class='ocrx_word' id='word_1_108' title='bbox 1386 1159 1571 1202; x_wconf 85' lang='lat' dir='ltr'><strong>Graecos</strong></span> <span class='ocrx_word' id='word_1_109' title='bbox 1603 1162 1769 1202; x_wconf 87' lang='lat' dir='ltr'><strong>tantum</strong></span> 
     </span>
     <span class='ocr_line' id='line_1_15' title="bbox 210 1227 1768 1285; baseline 0.001 -15"><span class='ocrx_word' id='word_1_110' title='bbox 210 1227 378 1271; x_wconf 89' lang='lat' dir='ltr'><strong>Stoicos</strong></span> <span class='ocrx_word' id='word_1_111' title='bbox 405 1228 648 1283; x_wconf 85' lang='lat' dir='ltr'><strong>percenseri</strong></span> <span class='ocrx_word' id='word_1_112' title='bbox 678 1234 888 1282; x_wconf 91' lang='lat' dir='ltr'><strong>putemus,</strong></span> <span class='ocrx_word' id='word_1_113' title='bbox 918 1241 1024 1279; x_wconf 89' lang='lat' dir='ltr'><strong>cum,</strong></span> <span class='ocrx_word' id='word_1_114' title='bbox 1053 1242 1162 1282; x_wconf 88' lang='lat' dir='ltr'><strong>quae</strong></span> <span class='ocrx_word' id='word_1_115' title='bbox 1191 1231 1320 1271; x_wconf 87' lang='lat' dir='ltr'><strong>antea</strong></span> <span class='ocrx_word' id='word_1_116' title='bbox 1348 1227 1535 1272; x_wconf 90' lang='lat' dir='ltr'><strong>Velleius</strong></span> <span class='ocrx_word' id='word_1_117' title='bbox 1565 1229 1768 1285; x_wconf 91' lang='lat' dir='ltr'><strong>perstrin-</strong></span> 
     </span>
     <span class='ocr_line' id='line_1_16' title="bbox 209 1298 1769 1355; baseline 0 -14"><span class='ocrx_word' id='word_1_118' title='bbox 209 1301 346 1355; x_wconf 85' lang='lat' dir='ltr'><strong>xerat,</strong></span> <span class='ocrx_word' id='word_1_119' title='bbox 376 1299 434 1342; x_wconf 89' lang='lat' dir='ltr'><strong>ad</strong></span> <span class='ocrx_word' id='word_1_120' title='bbox 452 1313 582 1342; x_wconf 90' lang='lat' dir='ltr'><strong>unum</strong></span> <span class='ocrx_word' id='word_1_121' title='bbox 603 1298 797 1349; x_wconf 87' lang='lat' dir='ltr'><strong>Balbum,</strong></span> <span class='ocrx_word' id='word_1_122' title='bbox 818 1298 1054 1341; x_wconf 86' lang='lat' dir='ltr'><strong>Romanum</strong></span> <span class='ocrx_word' id='word_1_123' title='bbox 1079 1298 1194 1341; x_wconf 91' lang='lat' dir='ltr'><strong>illius</strong></span> <span class='ocrx_word' id='word_1_124' title='bbox 1223 1298 1473 1354; x_wconf 90' lang='lat' dir='ltr'><strong>disciplinae</strong></span> <span class='ocrx_word' id='word_1_125' title='bbox 1503 1304 1769 1350; x_wconf 89' lang='lat' dir='ltr'><strong>sectatorem,</strong></span> 
     </span>
     <span class='ocr_line' id='line_1_17' title="bbox 207 1370 1770 1425; baseline 0 -12"><span class='ocrx_word' id='word_1_126' title='bbox 207 1371 462 1425; x_wconf 87' lang='lat' dir='ltr'><strong>pertineant.</strong></span> <span class='ocrx_word' id='word_1_127' title='bbox 521 1372 579 1414; x_wconf 87' lang='lat' dir='ltr'><strong>At</strong></span> <span class='ocrx_word' id='word_1_128' title='bbox 615 1371 687 1425; x_wconf 93' lang='lat' dir='ltr'><strong>qui</strong></span> <span class='ocrx_word' id='word_1_129' title='bbox 722 1370 917 1413; x_wconf 84' lang='lat' dir='ltr'><strong>excusari</strong></span> <span class='ocrx_word' id='word_1_130' title='bbox 950 1373 1109 1424; x_wconf 89' lang='lat' dir='ltr'><strong>potest,</strong></span> <span class='ocrx_word' id='word_1_131' title='bbox 1157 1370 1269 1424; x_wconf 91' lang='lat' dir='ltr'><strong>quod</strong></span> <span class='ocrx_word' id='word_1_132' title='bbox 1302 1370 1462 1415; x_wconf 91' lang='lat' dir='ltr'><strong>Balbus</strong></span> <span class='ocrx_word' id='word_1_133' title='bbox 1492 1371 1537 1414; x_wconf 91' lang='lat' dir='ltr'><strong>in</strong></span> <span class='ocrx_word' id='word_1_134' title='bbox 1565 1371 1676 1415; x_wconf 89' lang='lat' dir='ltr'><strong>libro</strong></span> <span class='ocrx_word' id='word_1_135' title='bbox 1706 1384 1770 1414; x_wconf 88' lang='lat' dir='ltr'><strong>se·</strong></span> 
     </span>
     <span class='ocr_line' id='line_1_18' title="bbox 208 1440 1770 1497; baseline 0 -12"><span class='ocrx_word' id='word_1_136' title='bbox 208 1441 348 1485; x_wconf 91' lang='lat' dir='ltr'><strong>cundo</strong></span> <span class='ocrx_word' id='word_1_137' title='bbox 382 1441 476 1484; x_wconf 87' lang='lat' dir='ltr'><strong>fuse</strong></span> <span class='ocrx_word' id='word_1_138' title='bbox 512 1455 615 1485; x_wconf 87' lang='lat' dir='ltr'><strong>suae</strong></span> <span class='ocrx_word' id='word_1_139' title='bbox 654 1445 798 1484; x_wconf 87' lang='lat' dir='ltr'><strong>sectae</strong></span> <span class='ocrx_word' id='word_1_140' title='bbox 833 1440 1105 1497; x_wconf 88' lang='lat' dir='ltr'><strong>disciplinam</strong></span> <span class='ocrx_word' id='word_1_141' title='bbox 1141 1441 1359 1496; x_wconf 84' lang='lat' dir='ltr'><strong>explicans</strong></span> <span class='ocrx_word' id='word_1_142' title='bbox 1400 1442 1562 1485; x_wconf 90' lang='lat' dir='ltr'><strong>nullam</strong></span> <span class='ocrx_word' id='word_1_143' title='bbox 1601 1442 1770 1485; x_wconf 90' lang='lat' dir='ltr'><strong>omnino</strong></span> 
     </span>
     <span class='ocr_line' id='line_1_19' title="bbox 206 1512 1770 1570; baseline -0.001 -13"><span class='ocrx_word' id='word_1_144' title='bbox 206 1512 339 1557; x_wconf 89' lang='lat' dir='ltr'><strong>habet</strong></span> <span class='ocrx_word' id='word_1_145' title='bbox 364 1514 575 1557; x_wconf 89' lang='lat' dir='ltr'><strong>rationem</strong></span> <span class='ocrx_word' id='word_1_146' title='bbox 606 1512 758 1556; x_wconf 91' lang='lat' dir='ltr'><strong>Velleii</strong></span> <span class='ocrx_word' id='word_1_147' title='bbox 788 1512 1071 1556; x_wconf 87' lang='lat' dir='ltr'><strong>conviciorum</strong></span> <span class='ocrx_word' id='word_1_148' title='bbox 1100 1513 1144 1555; x_wconf 93' lang='lat' dir='ltr'><strong>in</strong></span> <span class='ocrx_word' id='word_1_149' title='bbox 1186 1526 1258 1556; x_wconf 91' lang='lat' dir='ltr'><strong>eos</strong></span> <span class='ocrx_word' id='word_1_150' title='bbox 1287 1514 1405 1570; x_wconf 88' lang='lat' dir='ltr'><strong>ipsos</strong></span> <span class='ocrx_word' id='word_1_151' title='bbox 1433 1514 1557 1567; x_wconf 83' lang='lat' dir='ltr'><strong>viros,</strong></span> <span class='ocrx_word' id='word_1_152' title='bbox 1587 1513 1770 1569; x_wconf 88' lang='lat' dir='ltr'><strong>aquibus</strong></span> 
     </span>
    </p>
   </div>
   <div class='ocr_carea' id='block_1_5' title="bbox 206 1572 1853 1642">
    <p class='ocr_par' dir='ltr' id='par_1_5' title="bbox 206 1572 1853 1642">
     <span class='ocr_line' id='line_1_20' title="bbox 206 1572 1853 1642; baseline -0.001 -14"><span class='ocrx_word' id='word_1_153' title='bbox 206 1589 323 1628; x_wconf 89' lang='lat' dir='ltr'><strong>totus</strong></span> <span class='ocrx_word' id='word_1_154' title='bbox 341 1585 570 1641; x_wconf 89' lang='lat' dir='ltr'><strong>pendebat,</strong></span> <span class='ocrx_word' id='word_1_155' title='bbox 602 1584 880 1628; x_wconf 83' lang='lat' dir='ltr'><strong>collatorum?</strong></span> <span class='ocrx_word' id='word_1_156' title='bbox 938 1583 1074 1626; x_wconf 88' lang='lat' dir='ltr'><strong>Plane</strong></span> <span class='ocrx_word' id='word_1_157' title='bbox 1098 1584 1210 1627; x_wconf 91' lang='lat' dir='ltr'><strong>enim</strong></span> <span class='ocrx_word' id='word_1_158' title='bbox 1233 1584 1402 1629; x_wconf 87' lang='lat' dir='ltr'><strong>silentio</strong></span> <span class='ocrx_word' id='word_1_159' title='bbox 1418 1586 1628 1642; x_wconf 90' lang='lat' dir='ltr'><strong>premitur</strong></span> <span class='ocrx_word' id='word_1_160' title='bbox 1653 1598 1770 1628; x_wconf 90' lang='lat' dir='ltr'><strong>acer·</strong></span> <span class='ocrx_word' id='word_1_161' title='bbox 1811 1603 1814 1606; x_wconf 49' lang='lat'><strong>⁴</strong></span> <span class='ocrx_word' id='word_1_162' title='bbox 1851 1572 1853 1575; x_wconf 32' lang='lat'><strong><em>¹</em></strong></span> 
     </span>
    </p>
   </div>
   <div class='ocr_carea' id='block_1_6' title="bbox 136 1656 1772 2646">
    <p class='ocr_par' dir='ltr' id='par_1_6' title="bbox 136 1656 1772 2646">
     <span class='ocr_line' id='line_1_21' title="bbox 207 1656 1770 1711; baseline 0 -12"><span class='ocrx_word' id='word_1_163' title='bbox 207 1656 266 1699; x_wconf 90' lang='lat' dir='ltr'><strong>ba</strong></span> <span class='ocrx_word' id='word_1_164' title='bbox 300 1656 378 1700; x_wconf 90' lang='lat' dir='ltr'><strong>illa</strong></span> <span class='ocrx_word' id='word_1_165' title='bbox 408 1657 561 1700; x_wconf 91' lang='lat' dir='ltr'><strong>Velleii</strong></span> <span class='ocrx_word' id='word_1_166' title='bbox 591 1670 794 1707; x_wconf 88' lang='lat' dir='ltr'><strong>censura,</strong></span> <span class='ocrx_word' id='word_1_167' title='bbox 831 1669 960 1710; x_wconf 89' lang='lat' dir='ltr'><strong>quam</strong></span> <span class='ocrx_word' id='word_1_168' title='bbox 988 1656 1140 1711; x_wconf 85' lang='lat' dir='ltr'><strong>repelli</strong></span> <span class='ocrx_word' id='word_1_169' title='bbox 1169 1671 1197 1699; x_wconf 88' lang='lat' dir='ltr'><strong>a</strong></span> <span class='ocrx_word' id='word_1_170' title='bbox 1228 1657 1478 1701; x_wconf 83' lang='lat' dir='ltr'><strong>clarissimis</strong></span> <span class='ocrx_word' id='word_1_171' title='bbox 1502 1657 1673 1701; x_wconf 89' lang='lat' dir='ltr'><strong>scholae</strong></span> <span class='ocrx_word' id='word_1_172' title='bbox 1703 1669 1770 1700; x_wconf 89' lang='lat' dir='ltr'><strong>co-</strong></span> 
     </span>
     <span class='ocr_line' id='line_1_22' title="bbox 207 1726 1771 1786; baseline 0 -16"><span class='ocrx_word' id='word_1_173' title='bbox 207 1727 440 1772; x_wconf 90' lang='lat' dir='ltr'><strong>luminibus</strong></span> <span class='ocrx_word' id='word_1_174' title='bbox 472 1727 655 1771; x_wconf 91' lang='lat' dir='ltr'><strong>hominis</strong></span> <span class='ocrx_word' id='word_1_175' title='bbox 685 1726 819 1770; x_wconf 88' lang='lat' dir='ltr'><strong>Stoici</strong></span> <span class='ocrx_word' id='word_1_176' title='bbox 846 1726 1031 1770; x_wconf 83' lang='lat' dir='ltr'><strong>maxime</strong></span> <span class='ocrx_word' id='word_1_177' title='bbox 1060 1728 1280 1771; x_wconf 90' lang='lat' dir='ltr'><strong>intererat.</strong></span> <span class='ocrx_word' id='word_1_178' title='bbox 1340 1727 1513 1786; x_wconf 85' lang='lat' dir='ltr'><strong>Cogitat</strong></span> <span class='ocrx_word' id='word_1_179' title='bbox 1540 1741 1643 1772; x_wconf 87' lang='lat' dir='ltr'><strong>sane</strong></span> <span class='ocrx_word' id='word_1_180' title='bbox 1672 1726 1771 1770; x_wconf 89' lang='lat' dir='ltr'><strong>Bal-</strong></span> 
     </span>
     <span class='ocr_line' id='line_1_23' title="bbox 208 1798 1772 1856; baseline -0.001 -14"><span class='ocrx_word' id='word_1_181' title='bbox 208 1800 289 1843; x_wconf 88' lang='lat' dir='ltr'><strong>bus</strong></span> <span class='ocrx_word' id='word_1_182' title='bbox 315 1801 369 1843; x_wconf 89' lang='grc' dir='ltr'><strong>Π.</strong></span> <span class='ocrx_word' id='word_1_183' title='bbox 401 1802 463 1853; x_wconf 65' lang='grc' dir='ltr'><strong>ἓξ.</strong></span> <span class='ocrx_word' id='word_1_184' title='bbox 499 1804 553 1842; x_wconf 83' lang='grc'><strong>23</strong></span> <span class='ocrx_word' id='word_1_185' title='bbox 585 1803 629 1843; x_wconf 93' lang='lat' dir='ltr'><strong>et</strong></span> <span class='ocrx_word' id='word_1_186' title='bbox 659 1803 714 1841; x_wconf 85' lang='lat'><strong>24</strong></span> <span class='ocrx_word' id='word_1_187' title='bbox 745 1798 799 1842; x_wconf 90' lang='lat' dir='ltr'><strong>de</strong></span> <span class='ocrx_word' id='word_1_188' title='bbox 821 1799 1022 1850; x_wconf 89' lang='lat' dir='ltr'><strong>Persaeo,</strong></span> <span class='ocrx_word' id='word_1_189' title='bbox 1055 1799 1154 1842; x_wconf 91' lang='lat' dir='ltr'><strong>dum</strong></span> <span class='ocrx_word' id='word_1_190' title='bbox 1182 1801 1340 1844; x_wconf 90' lang='lat' dir='ltr'><strong>multas</strong></span> <span class='ocrx_word' id='word_1_191' title='bbox 1367 1815 1438 1844; x_wconf 91' lang='lat' dir='ltr'><strong>res</strong></span> <span class='ocrx_word' id='word_1_192' title='bbox 1469 1800 1595 1844; x_wconf 89' lang='lat' dir='ltr'><strong>utiles</strong></span> <span class='ocrx_word' id='word_1_193' title='bbox 1625 1798 1772 1856; x_wconf 86' lang='lat' dir='ltr'><strong>generi</strong></span> 
     </span>
     <span class='ocr_line' id='line_1_24' title="bbox 207 1869 1770 1929; baseline -0.001 -14"><span class='ocrx_word' id='word_1_194' title='bbox 207 1871 394 1915; x_wconf 89' lang='lat' dir='ltr'><strong>humano</strong></span> <span class='ocrx_word' id='word_1_195' title='bbox 433 1870 717 1915; x_wconf 87' lang='lat' dir='ltr'><strong>et-salutares</strong></span> <span class='ocrx_word' id='word_1_196' title='bbox 748 1869 924 1914; x_wconf 89' lang='lat' dir='ltr'><strong>deorum</strong></span> <span class='ocrx_word' id='word_1_197' title='bbox 954 1870 1171 1916; x_wconf 84' lang='lat' dir='ltr'><strong>vocabulis</strong></span> <span class='ocrx_word' id='word_1_198' title='bbox 1202 1875 1472 1929; x_wconf 86' lang='lat' dir='ltr'><strong>nuncupatas</strong></span> <span class='ocrx_word' id='word_1_199' title='bbox 1503 1884 1597 1916; x_wconf 90' lang='lat' dir='ltr'><strong>esse</strong></span> <span class='ocrx_word' id='word_1_200' title='bbox 1626 1869 1770 1927; x_wconf 89' lang='lat' dir='ltr'><strong>dispu-</strong></span> 
     </span>
     <span class='ocr_line' id='line_1_25' title="bbox 208 1941 1772 1999; baseline 0.001 -14"><span class='ocrx_word' id='word_1_201' title='bbox 208 1947 287 1993; x_wconf 90' lang='lat' dir='ltr'><strong>tat,</strong></span> <span class='ocrx_word' id='word_1_202' title='bbox 317 1943 395 1986; x_wconf 85' lang='lat' dir='ltr'><strong>sed</strong></span> <span class='ocrx_word' id='word_1_203' title='bbox 414 1956 499 1986; x_wconf 92' lang='lat' dir='ltr'><strong>non</strong></span> <span class='ocrx_word' id='word_1_204' title='bbox 523 1955 725 1998; x_wconf 88' lang='lat' dir='ltr'><strong>expresse</strong></span> <span class='ocrx_word' id='word_1_205' title='bbox 743 1941 801 1985; x_wconf 90' lang='lat' dir='ltr'><strong>ad</strong></span> <span class='ocrx_word' id='word_1_206' title='bbox 829 1941 930 1984; x_wconf 92' lang='lat' dir='ltr'><strong>libri</strong></span> <span class='ocrx_word' id='word_1_207' title='bbox 957 1942 1087 1997; x_wconf 90' lang='lat' dir='ltr'><strong>primi</strong></span> <span class='ocrx_word' id='word_1_208' title='bbox 1115 1956 1206 1999; x_wconf 89' lang='lat' dir='ltr'><strong>cap.</strong></span> <span class='ocrx_word' id='word_1_209' title='bbox 1237 1946 1303 1986; x_wconf 84' lang='lat'><strong>15.</strong></span> <span class='ocrx_word' id='word_1_210' title='bbox 1333 1947 1370 1998; x_wconf 77' lang='lat'><strong>§.</strong></span> <span class='ocrx_word' id='word_1_211' title='bbox 1403 1948 1471 1986; x_wconf 87' lang='grc'><strong>38.</strong></span> <span class='ocrx_word' id='word_1_212' title='bbox 1502 1942 1772 1987; x_wconf 84' lang='lat' dir='ltr'><strong>remittimur.</strong></span> 
     </span>
     <span class='ocr_line' id='line_1_26' title="bbox 210 2007 1772 2070; baseline 0 -13"><span class='ocrx_word' id='word_1_213' title='bbox 210 2014 335 2067; x_wconf 88' lang='lat' dir='ltr'><strong>Quod</strong></span> <span class='ocrx_word' id='word_1_214' title='bbox 363 2018 508 2059; x_wconf 89' lang='lat' dir='ltr'><strong>autem</strong></span> <span class='ocrx_word' id='word_1_215' title='bbox 525 2013 566 2058; x_wconf 89' lang='lat' dir='ltr'>H</span> <span class='ocrx_word' id='word_1_216' title='bbox 591 2018 628 2067; x_wconf 61' lang='grc' dir='ltr'><strong>ξ.</strong></span> <span class='ocrx_word' id='word_1_217' title='bbox 646 2017 714 2057; x_wconf 86' lang='grc'><strong>63.</strong></span> <span class='ocrx_word' id='word_1_218' title='bbox 745 2007 973 2057; x_wconf 84' lang='lat' dir='ltr'><strong>Cleanthes</strong></span> <span class='ocrx_word' id='word_1_219' title='bbox 1003 2026 1171 2070; x_wconf 93' lang='lat' dir='ltr'><strong>quoque</strong></span> <span class='ocrx_word' id='word_1_220' title='bbox 1198 2013 1252 2057; x_wconf 92' lang='lat' dir='ltr'><strong>iis</strong></span> <span class='ocrx_word' id='word_1_221' title='bbox 1280 2013 1585 2059; x_wconf 89' lang='lat' dir='ltr'><strong>adnumeratur</strong></span> <span class='ocrx_word' id='word_1_222' title='bbox 1604 2012 1772 2065; x_wconf 86' lang='lat' dir='ltr'><strong>Stoicis,</strong></span> 
     </span>
     <span class='ocr_line' id='line_1_27' title="bbox 208 2083 1770 2142; baseline -0.001 -13"><span class='ocrx_word' id='word_1_223' title='bbox 208 2087 282 2142; x_wconf 93' lang='lat' dir='ltr'><strong>qui</strong></span> <span class='ocrx_word' id='word_1_224' title='bbox 312 2100 391 2142; x_wconf 91' lang='lat' dir='ltr'><strong>per</strong></span> <span class='ocrx_word' id='word_1_225' title='bbox 426 2085 663 2141; x_wconf 89' lang='lat' dir='ltr'><strong>quandam,</strong></span> <span class='ocrx_word' id='word_1_226' title='bbox 700 2088 749 2128; x_wconf 93' lang='lat' dir='ltr'><strong>ut</strong></span> <span class='ocrx_word' id='word_1_227' title='bbox 774 2086 838 2128; x_wconf 91' lang='lat' dir='ltr'><strong>ait</strong></span> <span class='ocrx_word' id='word_1_228' title='bbox 867 2084 1016 2128; x_wconf 88' lang='lat' dir='ltr'><strong>Cicero</strong></span> <span class='ocrx_word' id='word_1_229' title='bbox 1030 2119 1039 2135; x_wconf 96' lang='lat'><strong>,</strong></span> <span class='ocrx_word' id='word_1_230' title='bbox 1074 2085 1429 2141; x_wconf 89' lang='lat' dir='ltr'><strong>significationem</strong></span> <span class='ocrx_word' id='word_1_231' title='bbox 1457 2090 1681 2142; x_wconf 88' lang='lat' dir='ltr'><strong>poetarum</strong></span> <span class='ocrx_word' id='word_1_232' title='bbox 1707 2083 1770 2128; x_wconf 90' lang='lat' dir='ltr'><strong>fa-</strong></span> 
     </span>
     <span class='ocr_line' id='line_1_28' title="bbox 209 2155 1771 2213; baseline -0.001 -13"><span class='ocrx_word' id='word_1_233' title='bbox 209 2157 334 2201; x_wconf 90' lang='lat' dir='ltr'><strong>bulas</strong></span> <span class='ocrx_word' id='word_1_234' title='bbox 363 2157 638 2213; x_wconf 88' lang='lat' dir='ltr'><strong>interpretati</strong></span> <span class='ocrx_word' id='word_1_235' title='bbox 669 2160 779 2208; x_wconf 90' lang='lat' dir='ltr'><strong>sunt,</strong></span> <span class='ocrx_word' id='word_1_236' title='bbox 811 2155 843 2199; x_wconf 93' lang='lat' dir='ltr'><strong>I.</strong></span> <span class='ocrx_word' id='word_1_237' title='bbox 874 2170 966 2212; x_wconf 92' lang='lat' dir='ltr'><strong>cap.</strong></span> <span class='ocrx_word' id='word_1_238' title='bbox 997 2160 1063 2199; x_wconf 87' lang='grc'><strong>14.</strong></span> <span class='ocrx_word' id='word_1_239' title='bbox 1095 2158 1133 2210; x_wconf 63' lang='grc' dir='ltr'><strong>ξ.</strong></span> <span class='ocrx_word' id='word_1_240' title='bbox 1165 2161 1233 2209; x_wconf 83' lang='grc'><strong>37,</strong></span> <span class='ocrx_word' id='word_1_241' title='bbox 1263 2157 1337 2201; x_wconf 91' lang='lat' dir='ltr'><strong>ubi</strong></span> <span class='ocrx_word' id='word_1_242' title='bbox 1368 2155 1771 2213; x_wconf 86' lang='lat' dir='ltr'><strong>eiusdemphiloso-</strong></span> 
     </span>
     <span class='ocr_line' id='line_1_29' title="bbox 208 2227 1768 2291; baseline -0.001 -19"><span class='ocrx_word' id='word_1_243' title='bbox 208 2228 285 2284; x_wconf 90' lang='lat' dir='ltr'><strong>phi</strong></span> <span class='ocrx_word' id='word_1_244' title='bbox 316 2228 511 2272; x_wconf 89' lang='lat' dir='ltr'><strong>doctrina</strong></span> <span class='ocrx_word' id='word_1_245' title='bbox 540 2232 839 2291; x_wconf 89' lang='lat' dir='ltr'><strong>percensetur,</strong></span> <span class='ocrx_word' id='word_1_246' title='bbox 879 2227 997 2272; x_wconf 89' lang='lat' dir='ltr'><strong>nulla</strong></span> <span class='ocrx_word' id='word_1_247' title='bbox 1026 2228 1152 2272; x_wconf 90' lang='lat' dir='ltr'><strong>huius</strong></span> <span class='ocrx_word' id='word_1_248' title='bbox 1184 2229 1317 2272; x_wconf 90' lang='lat' dir='ltr'><strong>studii</strong></span> <span class='ocrx_word' id='word_1_249' title='bbox 1348 2229 1398 2273; x_wconf 90' lang='lat' dir='ltr'><strong>fit</strong></span> <span class='ocrx_word' id='word_1_250' title='bbox 1426 2230 1598 2273; x_wconf 91' lang='lat' dir='ltr'><strong>mentio.</strong></span> <span class='ocrx_word' id='word_1_251' title='bbox 1658 2227 1768 2280; x_wconf 85' lang='lat' dir='ltr'><strong>Quo-</strong></span> 
     </span>
     <span class='ocr_line' id='line_1_30' title="bbox 136 2292 1771 2374; baseline 0 -31"><span class='ocrx_word' id='word_1_252' title='bbox 136 2292 138 2294; x_wconf 53' lang='grc'>’</span> <span class='ocrx_word' id='word_1_253' title='bbox 207 2300 500 2358; x_wconf 91' lang='lat' dir='ltr'><strong>tienscumque</strong></span> <span class='ocrx_word' id='word_1_254' title='bbox 518 2301 701 2357; x_wconf 90' lang='lat' dir='ltr'><strong>denique</strong></span> <span class='ocrx_word' id='word_1_255' title='bbox 716 2300 877 2345; x_wconf 90' lang='lat' dir='ltr'><strong>Balbus</strong></span> <span class='ocrx_word' id='word_1_256' title='bbox 900 2300 1165 2374; x_wconf 58' lang='lat' dir='ltr'><strong>Velleianam</strong></span> <span class='ocrx_word' id='word_1_257' title='bbox 1182 2302 1421 2346; x_wconf 91' lang='lat' dir='ltr'><strong>orationem</strong></span> <span class='ocrx_word' id='word_1_258' title='bbox 1448 2302 1602 2358; x_wconf 84' lang='lat' dir='ltr'><strong>tangit,</strong></span> <span class='ocrx_word' id='word_1_259' title='bbox 1631 2300 1771 2357; x_wconf 88' lang='lat' dir='ltr'><strong>prima</strong></span> 
     </span>
     <span class='ocr_line' id='line_1_31' title="bbox 206 2371 1768 2430; baseline -0.002 -13"><span class='ocrx_word' id='word_1_260' title='bbox 206 2376 373 2417; x_wconf 88' lang='lat' dir='ltr'><strong>tantum</strong></span> <span class='ocrx_word' id='word_1_261' title='bbox 413 2378 457 2418; x_wconf 88' lang='lat' dir='ltr'><strong>et</strong></span> <span class='ocrx_word' id='word_1_262' title='bbox 494 2374 623 2418; x_wconf 91' lang='lat' dir='ltr'><strong>tertia</strong></span> <span class='ocrx_word' id='word_1_263' title='bbox 666 2373 757 2417; x_wconf 91' lang='lat' dir='ltr'><strong>eius</strong></span> <span class='ocrx_word' id='word_1_264' title='bbox 794 2388 897 2430; x_wconf 89' lang='lat' dir='ltr'><strong>pars</strong></span> <span class='ocrx_word' id='word_1_265' title='bbox 934 2373 1173 2430; x_wconf 88' lang='lat' dir='ltr'><strong>respicitur,</strong></span> <span class='ocrx_word' id='word_1_266' title='bbox 1192 2377 1223 2428; x_wconf 92' lang='lat'><strong>¹)</strong></span> <span class='ocrx_word' id='word_1_267' title='bbox 1278 2373 1393 2430; x_wconf 89' lang='lat' dir='ltr'><strong>quod</strong></span> <span class='ocrx_word' id='word_1_268' title='bbox 1434 2387 1538 2417; x_wconf 91' lang='lat' dir='ltr'><strong>casu</strong></span> <span class='ocrx_word' id='word_1_269' title='bbox 1576 2371 1768 2423; x_wconf 70' lang='lat' dir='ltr'><strong>evenisse</strong></span> 
     </span>
     <span class='ocr_line' id='line_1_32' title="bbox 206 2444 1770 2502; baseline -0.001 -16"><span class='ocrx_word' id='word_1_270' title='bbox 206 2458 344 2496; x_wconf 90' lang='lat' dir='ltr'><strong>nemo,</strong></span> <span class='ocrx_word' id='word_1_271' title='bbox 372 2445 535 2502; x_wconf 80' lang='lat' dir='ltr'><strong>opinor,</strong></span> <span class='ocrx_word' id='word_1_272' title='bbox 564 2445 767 2489; x_wconf 89' lang='lat' dir='ltr'><strong>censebit.</strong></span> <span class='ocrx_word' id='word_1_273' title='bbox 795 2470 851 2476; x_wconf 92' lang='lat'><strong>——</strong></span> <span class='ocrx_word' id='word_1_274' title='bbox 903 2445 1110 2489; x_wconf 91' lang='lat' dir='ltr'><strong>Omnibus</strong></span> <span class='ocrx_word' id='word_1_275' title='bbox 1140 2449 1285 2488; x_wconf 86' lang='lat' dir='ltr'><strong>autem</strong></span> <span class='ocrx_word' id='word_1_276' title='bbox 1309 2444 1378 2488; x_wconf 92' lang='lat' dir='ltr'><strong>his</strong></span> <span class='ocrx_word' id='word_1_277' title='bbox 1407 2444 1673 2500; x_wconf 86' lang='lat' dir='ltr'><strong>argumentis</strong></span> <span class='ocrx_word' id='word_1_278' title='bbox 1701 2455 1770 2485; x_wconf 87' lang='lat' dir='ltr'><strong>ac-</strong></span> 
     </span>
     <span class='ocr_line' id='line_1_33' title="bbox 207 2513 1769 2575; baseline -0.001 -16"><span class='ocrx_word' id='word_1_279' title='bbox 207 2520 354 2560; x_wconf 88' lang='lat' dir='ltr'><strong>curate</strong></span> <span class='ocrx_word' id='word_1_280' title='bbox 379 2518 615 2574; x_wconf 88' lang='lat' dir='ltr'><strong>perpensis,</strong></span> <span class='ocrx_word' id='word_1_281' title='bbox 646 2516 773 2562; x_wconf 81' lang='lat' dir='ltr'><strong>facile</strong></span> <span class='ocrx_word' id='word_1_282' title='bbox 804 2517 1074 2575; x_wconf 85' lang='lat' dir='ltr'><strong>suspicamur</strong></span> <span class='ocrx_word' id='word_1_283' title='bbox 1094 2515 1341 2561; x_wconf 89' lang='lat' dir='ltr'><strong>Ciceronem</strong></span> <span class='ocrx_word' id='word_1_284' title='bbox 1369 2529 1454 2560; x_wconf 88' lang='lat' dir='ltr'><strong>non</strong></span> <span class='ocrx_word' id='word_1_285' title='bbox 1483 2515 1569 2559; x_wconf 92' lang='lat' dir='ltr'><strong>iam</strong></span> <span class='ocrx_word' id='word_1_286' title='bbox 1599 2530 1627 2559; x_wconf 89' lang='lat' dir='ltr'><strong>a</strong></span> <span class='ocrx_word' id='word_1_287' title='bbox 1654 2513 1769 2570; x_wconf 90' lang='lat' dir='ltr'><strong>prin-</strong></span> 
     </span>
     <span class='ocr_line' id='line_1_34' title="bbox 204 2584 1770 2646; baseline -0.001 -16"><span class='ocrx_word' id='word_1_288' title='bbox 204 2588 316 2643; x_wconf 89' lang='lat' dir='ltr'><strong>cipio</strong></span> <span class='ocrx_word' id='word_1_289' title='bbox 340 2588 423 2632; x_wconf 87' lang='lat' dir='ltr'><strong>sibi</strong></span> <span class='ocrx_word' id='word_1_290' title='bbox 443 2585 731 2646; x_wconf 87' lang='lat' dir='ltr'><strong>proposuisse,</strong></span> <span class='ocrx_word' id='word_1_291' title='bbox 747 2602 872 2643; x_wconf 90' lang='lat' dir='ltr'><strong>-quas</strong></span> <span class='ocrx_word' id='word_1_292' title='bbox 892 2588 946 2631; x_wconf 88' lang='lat' dir='ltr'><strong>de</strong></span> <span class='ocrx_word' id='word_1_293' title='bbox 966 2587 1143 2631; x_wconf 88' lang='lat' dir='ltr'><strong>deorum</strong></span> <span class='ocrx_word' id='word_1_294' title='bbox 1164 2593 1320 2631; x_wconf 88' lang='lat' dir='ltr'><strong>natura</strong></span> <span class='ocrx_word' id='word_1_295' title='bbox 1347 2586 1580 2631; x_wconf 87' lang='lat' dir='ltr'><strong>sententias</strong></span> <span class='ocrx_word' id='word_1_296' title='bbox 1613 2584 1770 2641; x_wconf 89' lang='lat' dir='ltr'><strong>singuli</strong></span> 
     </span>
    </p>
   </div>
   <div class='ocr_carea' id='block_1_7' title="bbox 206 2682 482 2690">
    <p class='ocr_par' dir='ltr' id='par_1_7' title="bbox 206 2682 482 2690">
     <span class='ocr_line' id='line_1_35' title="bbox 206 2682 482 2690; baseline 0 570"><span class='ocrx_word' id='word_1_297' title='bbox 206 2682 482 2690; x_wconf 95' lang='lat' dir='ltr'><strong> </strong></span> 
     </span>
    </p>
   </div>
   <div class='ocr_carea' id='block_1_8' title="bbox 200 2723 1767 2831">
    <p class='ocr_par' dir='ltr' id='par_1_8' title="bbox 200 2723 1767 2831">
     <span class='ocr_line' id='line_1_36' title="bbox 345 2723 1767 2779; baseline -0.002 -16"><span class='ocrx_word' id='word_1_298' title='bbox 345 2726 372 2770; x_wconf 88' lang='lat'><strong>¹)</strong></span> <span class='ocrx_word' id='word_1_299' title='bbox 396 2726 533 2763; x_wconf 92' lang='lat' dir='ltr'><strong>Omnes</strong></span> <span class='ocrx_word' id='word_1_300' title='bbox 562 2726 612 2762; x_wconf 84' lang='lat' dir='ltr'><strong>ad</strong></span> <span class='ocrx_word' id='word_1_301' title='bbox 642 2725 738 2762; x_wconf 83' lang='lat' dir='ltr'><strong>hanc</strong></span> <span class='ocrx_word' id='word_1_302' title='bbox 770 2736 848 2779; x_wconf 85' lang='lat' dir='ltr'><strong>rem</strong></span> <span class='ocrx_word' id='word_1_303' title='bbox 880 2727 1112 2772; x_wconf 85' lang='lat' dir='ltr'><strong>pertinentes</strong></span> <span class='ocrx_word' id='word_1_304' title='bbox 1138 2726 1243 2761; x_wconf 89' lang='lat' dir='ltr'><strong>locos</strong></span> <span class='ocrx_word' id='word_1_305' title='bbox 1267 2724 1425 2760; x_wconf 89' lang='lat' dir='ltr'><strong>Krische</strong></span> <span class='ocrx_word' id='word_1_306' title='bbox 1447 2725 1486 2761; x_wconf 89' lang='lat' dir='ltr'><strong>in</strong></span> <span class='ocrx_word' id='word_1_307' title='bbox 1510 2735 1574 2771; x_wconf 86' lang='lat' dir='ltr'><strong>pg.</strong></span> <span class='ocrx_word' id='word_1_308' title='bbox 1600 2725 1656 2760; x_wconf 83' lang='lat'><strong>24.</strong></span> <span class='ocrx_word' id='word_1_309' title='bbox 1682 2723 1767 2760; x_wconf 87' lang='lat' dir='ltr'><strong>libri</strong></span> 
     </span>
     <span class='ocr_line' id='line_1_37' title="bbox 200 2780 1767 2831; baseline 0 -12"><span class='ocrx_word' id='word_1_310' title='bbox 200 2784 275 2829; x_wconf 90' lang='lat' dir='ltr'><strong>sui,</strong></span> <span class='ocrx_word' id='word_1_311' title='bbox 316 2786 380 2831; x_wconf 88' lang='lat' dir='ltr'><strong>qui</strong></span> <span class='ocrx_word' id='word_1_312' title='bbox 404 2784 637 2822; x_wconf 86' lang='lat' dir='ltr'><strong>inscribitur:</strong></span> <span class='ocrx_word' id='word_1_313' title='bbox 689 2786 792 2831; x_wconf 88' lang='lat' dir='ltr'><strong>„Die</strong></span> <span class='ocrx_word' id='word_1_314' title='bbox 828 2784 1113 2831; x_wconf 83' lang='lat' dir='ltr'><strong>theologischen</strong></span> <span class='ocrx_word' id='word_1_315' title='bbox 1146 2784 1290 2821; x_wconf 86' lang='lat' dir='ltr'><strong>Lehren</strong></span> <span class='ocrx_word' id='word_1_316' title='bbox 1329 2784 1396 2821; x_wconf 88' lang='lat' dir='ltr'><strong>der</strong></span> <span class='ocrx_word' id='word_1_317' title='bbox 1432 2780 1570 2830; x_wconf 80' lang='lat' dir='ltr'><strong>griech.</strong></span> <span class='ocrx_word' id='word_1_318' title='bbox 1601 2782 1767 2820; x_wconf 87' lang='lat' dir='ltr'><strong>Denker.</strong></span> 
     </span>
    </p>
   </div>
   <div class='ocr_carea' id='block_1_9' title="bbox 138 2843 1767 2892">
    <p class='ocr_par' dir='ltr' id='par_1_9' title="bbox 138 2843 1767 2892">
     <span class='ocr_line' id='line_1_38' title="bbox 138 2843 1767 2892; baseline -0.001 -11"><span class='ocrx_word' id='word_1_319' title='bbox 138 2886 141 2889; x_wconf 17' lang='lat'><strong>⁴</strong></span> <span class='ocrx_word' id='word_1_320' title='bbox 202 2844 413 2892; x_wconf 73' lang='lat' dir='ltr'><strong>Giitting&#39;en</strong></span> <span class='ocrx_word' id='word_1_321' title='bbox 445 2847 573 2883; x_wconf 87' lang='lat'>1840.“</span> <span class='ocrx_word' id='word_1_322' title='bbox 617 2847 826 2892; x_wconf 84' lang='lat' dir='ltr'><strong>congessit,</strong></span> <span class='ocrx_word' id='word_1_323' title='bbox 860 2846 925 2891; x_wconf 88' lang='lat' dir='ltr'><strong>qui</strong></span> <span class='ocrx_word' id='word_1_324' title='bbox 948 2846 1044 2882; x_wconf 88' lang='lat' dir='ltr'><strong>liber</strong></span> <span class='ocrx_word' id='word_1_325' title='bbox 1067 2845 1218 2892; x_wconf 89' lang='lat' dir='ltr'><strong>quidem</strong></span> <span class='ocrx_word' id='word_1_326' title='bbox 1243 2844 1529 2891; x_wconf 85' lang='lat' dir='ltr'><strong>diligentissime</strong></span> <span class='ocrx_word' id='word_1_327' title='bbox 1553 2843 1767 2881; x_wconf 85' lang='lat' dir='ltr'><strong>elaboratus</strong></span> 
     </span>
    </p>
   </div>
   <div class='ocr_carea' id='block_1_10' title="bbox 197 2903 1766 3013">
    <p class='ocr_par' dir='ltr' id='par_1_10' title="bbox 197 2903 1766 3013">
     <span class='ocr_line' id='line_1_39' title="bbox 198 2903 1766 2952; baseline -0.001 -11"><span class='ocrx_word' id='word_1_328' title='bbox 198 2908 268 2950; x_wconf 84' lang='lat' dir='ltr'><strong>est,</strong></span> <span class='ocrx_word' id='word_1_329' title='bbox 293 2916 362 2942; x_wconf 90' lang='lat' dir='ltr'><strong>nec</strong></span> <span class='ocrx_word' id='word_1_330' title='bbox 382 2909 511 2943; x_wconf 81' lang='lat' dir='ltr'><strong>tamen</strong></span> <span class='ocrx_word' id='word_1_331' title='bbox 536 2915 685 2951; x_wconf 83' lang='lat' dir='ltr'><strong>semper</strong></span> <span class='ocrx_word' id='word_1_332' title='bbox 708 2905 818 2942; x_wconf 85' lang='lat' dir='ltr'><strong>nobis</strong></span> <span class='ocrx_word' id='word_1_333' title='bbox 842 2916 889 2942; x_wconf 87' lang='lat' dir='ltr'><strong>ex</strong></span> <span class='ocrx_word' id='word_1_334' title='bbox 904 2905 1041 2950; x_wconf 87' lang='lat' dir='ltr'><strong>opibus</strong></span> <span class='ocrx_word' id='word_1_335' title='bbox 1069 2906 1258 2952; x_wconf 80' lang='lat' dir='ltr'><strong>congestis</strong></span> <span class='ocrx_word' id='word_1_336' title='bbox 1286 2905 1494 2951; x_wconf 82' lang='lat' dir='ltr'><strong>simplicem</strong></span> <span class='ocrx_word' id='word_1_337' title='bbox 1507 2903 1766 2940; x_wconf 76' lang='lat' dir='ltr'><strong>&#39;l&#39;ullianorum</strong></span> 
     </span>
     <span class='ocr_line' id='line_1_40' title="bbox 197 2965 623 3013; baseline 0.005 -13"><span class='ocrx_word' id='word_1_338' title='bbox 197 2965 431 3003; x_wconf 85' lang='lat' dir='ltr'><strong>intellectum</strong></span> <span class='ocrx_word' id='word_1_339' title='bbox 456 2966 623 3013; x_wconf 83' lang='lat' dir='ltr'><strong>praebet.</strong></span> 
     </span>
    </p>
   </div>
  </div>
 </body>
</html>
