1945 3260
831 181 1117 228 -ῃ-

195 300 247 344 In
275 303 457 356 utraque
489 300 761 345 enarratione
791 300 935 343 omnia
967 300 1081 343 inter
1115 312 1162 343 se
1199 299 1472 352 conveniunt,
1524 299 1607 342 nisi
1636 297 1753 354 quod

193 370 484 417 universitatis
509 385 665 429 rerum,
694 384 783 428 qua
814 371 958 415 omnia
984 371 1327 426 continerentur,
1367 371 1487 414 nulla
1512 369 1565 414 fit
1596 383 1624 414 a
1654 369 1754 414 Phi·

194 443 363 490 lodemo
386 445 555 488 mentio.
614 443 711 489 Huc
738 442 917 498 accedit,
946 443 1061 498 quod
1084 443 1192 487 haec
1220 443 1352 487 verba
1375 455 1456 486 nec
1483 443 1617 486 ullum
1642 442 1754 486 Stoi-

195 527 341 559 corum
367 514 571 571 placitum
600 514 802 571 produnt,
830 527 909 558 nec
937 517 1281 571 antegresserum
1307 514 1529 559 continent
1550 513 1753 571 explane—

193 585 363 630 tionem.
422 588 510 632 Aut
544 588 678 645 igitur
717 590 767 630 ut
795 586 1068 631 librariorum
1097 590 1380 631 commentum
1410 586 1484 630 illa
1525 586 1657 631 verba
1681 599 1752 629 ex·

194 658 425 716 pungenda
461 662 580 717 sunt,
614 663 691 704 aut
729 658 974 704 existimare
1013 658 1236 711 debemus,
1276 658 1521 704 Ciceronem
1562 658 1752 703 siderum

193 732 577 792 conmemoratione
605 745 701 776 esse
729 734 995 784 commotum,
1021 734 1071 775 ut
1098 731 1156 775 ad
1170 732 1308 775 maius
1328 731 1599 789 procedendo
1621 731 1752 775 etiam
1777 775 1779 777 .

193 800 397 845 mundum
426 801 619 848 adderet.
679 802 776 846 Alia
804 805 950 848 tamen
986 803 1033 846 in
1069 815 1118 846 re
1156 802 1261 859 quin
1289 801 1438 847 Cicero
1474 802 1568 860 ipse
1604 816 1750 859 pecca-

194 873 315 929 verit,
345 873 534 918 dubitari
563 875 722 931 nequit.
780 874 1055 919 Philodemus
1085 874 1197 918 enim
1225 874 1307 919 hoc
1329 878 1496 918 tantum
1526 874 1649 931 dixit,
1675 873 1751 919 ho-

193 942 329 989 mines
357 945 487 989 etiam
521 946 567 989 in
608 945 711 990 deos
747 946 905 989 mutari
918 979 929 998 ‚
976 958 1084 1001 quos
1121 948 1266 990 tamen
1307 945 1618 990 inmortalitate
1654 946 1752 1003 ipsa

194 1016 450 1062 caelestibus
486 1019 640 1063 cedere
678 1018 907 1075 Chrysippi
944 1022 1040 1062 erat
1081 1019 1225 1075 opinio
1266 1018 1334 1069 (cf.
1372 1017 1595 1076 Chrysipp.
1633 1017 1753 1075 apud

193 1086 305 1133 Plut.
344 1089 439 1134 adv.
474 1090 535 1135 St.
566 1105 601 1135 c.
635 1094 714 1147 36,
754 1094 822 1135 33.
872 1089 958 1135 Cic.
989 1089 1044 1134 de
1073 1089 1124 1134 N.
1153 1089 1205 1134 D.
1228 1090 1289 1143 11,
1332 1095 1405 1143 61,
1439 1093 1561 1144 153),
1596 1089 1699 1148 quia
1724 1104 1753 1135 a

194 1173 372 1217 corpore
411 1163 564 1207 secreti
591 1163 800 1207 bonorum
837 1162 968 1206 animi
998 1162 1223 1206 dumtaxat
1251 1162 1308 1206 ad
1331 1158 1591 1220 ἐμπύρωσιν
1616 1175 1754 1219 neque

192 1237 514 1290 permanerent,
555 1233 655 1279 dein
693 1248 796 1278 vero
832 1234 879 1277 in
916 1235 1058 1278 Iovem
1100 1234 1244 1291 ipsum
1280 1234 1634 1285 absorbet-entem
1675 1233 1754 1279 sed

193 1302 358 1349 Tullius
387 1305 450 1350 eis
480 1319 625 1351 errore
652 1306 799 1364 lapsus
829 1306 957 1351 etiam
987 1306 1353 1353 immortalitatem
1380 1306 1545 1353 tribuit.

331 1376 495 1433 Restat,
525 1381 575 1422 ut
603 1378 657 1423 de
686 1392 788 1425 voce
812 1373 954 1435 νόμον
994 1380 1143 1435 paucis
1177 1379 1404 1436 disputem.
1461 1378 1621 1424 Omnes
1649 1381 1755 1424 ante

194 1448 367 1506 Sauppe
406 1449 557 1495 horum
596 1451 930 1508 fragmentorum
981 1450 1297 1509 emendatores,
1347 1451 1504 1509 quibus
1540 1451 1755 1509 Gompm

194 1520 334 1566 editor
363 1523 680 1569 recentissimus
708 1524 920 1569 adsensus
948 1527 1038 1572 est,
1078 1528 1179 1581 post
1211 1519 1352 1583 νόμον
1391 1526 1520 1584 plene
1548 1524 1751 1571 distine-

178 1598 304 1646 runt,
334 1599 386 1639 ut
410 1596 481 1641 lex
510 1611 606 1641 cum
635 1597 860 1650 sideribus,
885 1610 995 1652 quae
1015 1597 1291 1653 praecedunt,
1320 1598 1428 1643 mire
1453 1598 1747 1655 coniungetur.

191 1669 342 1727 Neque
378 1668 527 1715 Cicero
565 1669 640 1715 illo
676 1669 771 1715 loco
808 1668 940 1714 ullam
970 1668 1074 1713 fecit
1101 1668 1211 1727 legis
1250 1669 1521 1716 mentionem.
1585 1670 1751 1724 Quibus

193 1743 335 1787 causis
363 1741 536 1799 Sauppe
564 1742 778 1786 adductus
806 1737 946 1798 νόμον
981 1754 1128 1785 vocem
1165 1756 1262 1785 cum
1300 1742 1661 1798 subsequentibus
1689 1744 1754 1786 ita

192 1813 344 1870 iunxit,
373 1816 426 1858 ut
450 1810 533 1858 τὸν
562 1808 702 1871 νόμον
732 1813 913 1858 subiecti
938 1813 1030 1858 vice
1050 1811 1280 1870 fungatur,
1308 1812 1459 1859 eodem
1486 1813 1663 1872 quidem
1691 1813 1755 1859 di·

193 1886 318 1932 cendi
346 1899 523 1943 genere,
553 1898 638 1941 quo
665 1885 827 1930 Balbus
855 1885 992 1929 utitur
1024 1885 1143 1941 apud
1170 1885 1421 1930 Ciceronem
1449 1886 1506 1930 de
1532 1886 1585 1930 N.
1615 1886 1668 1931 D.
1696 1887 1753 1942 11,

194 1958 232 2011 ξ.
276 1960 354 2000 64:
398 1956 683 2014 „suscepit
733 1959 879 2001 autem
930 1957 1020 2001 vita
1064 1956 1283 2001 hominum
1330 1957 1756 2015 consuetudoque

196 2029 498 2082 communis,
528 2032 578 2072 ut
604 2028 835 2074 benefeciis
867 2028 1123 2074 excellentes
1152 2029 1267 2075 viros
1294 2030 1340 2074 in
1367 2030 1532 2075 caelum
1560 2029 1678 2075 fama
1702 2044 1757 2076 ac

192 2099 411 2147 voluntate
449 2100 689 2146 tollerent.“
747 2100 868 2154 Quae
906 2100 1184 2153 coniectura,
1214 2101 1407 2158 quamvis
1448 2102 1506 2146 sit
1546 2101 1752 2159 speciem

194 2164 309 2229 quod
339 2169 555 2217 insolitam
583 2173 713 2217 istam
746 2173 855 2230 legis
894 2187 989 2217 cum
1027 2172 1240 2218 sideribus
1279 2174 1594 2229 copulationem
1629 2174 1756 2230 tollit,

192 2245 303 2291 alias
343 2247 486 2289 tamen
532 2258 644 2300 quae
693 2244 970 2290 suboriuntur
1018 2243 1295 2290 difficultates
1343 2245 1559 2291 discutere
1593 2245 1754 2301 nequit.

195 2314 323 2360 Unde
351 2316 525 2360 tandem
562 2329 615 2360 ea
648 2316 884 2360 derivanda
920 2316 1024 2367 sint,
1064 2330 1175 2371 quae
1203 2316 1352 2360 Cicero
1390 2315 1527 2361 fusius
1564 2317 1624 2361 de
1660 2316 1757 2374 lege

195 2390 374 2432 aeterna
404 2386 617 2432 subiecit?
673 2386 825 2443 Neque
850 2400 952 2432 vero
972 2386 1142 2448 videtur
1161 2385 1378 2441 credibile,
1405 2402 1502 2433 eum
1518 2385 1638 2433 nullo
1658 2401 1756 2445 sup-

194 2458 389 2517 peditato
418 2458 600 2516 vestigio
622 2458 736 2503 hanc
766 2458 1024 2504 sententiam
1040 2462 1193 2516 suopte
1220 2458 1459 2518 exingenio
1487 2458 1755 2504 adiecturum

194 2531 337 2576 fuisse.
398 2530 538 2575 Aliam
566 2544 669 2589 ergo
694 2531 807 2576 viam
837 2530 1130 2589 ingrediamur
1159 2545 1336 2577 necesse
1365 2535 1442 2576 est.
1497 2530 1622 2577 Licet
1640 2531 1755 2576 enim

194 2603 313 2661 apud
345 2601 639 2647 Philodemum
667 2603 737 2647 lex
764 2617 792 2647 a
818 2601 1032 2647 sideribus
1073 2603 1215 2648 aliena
1243 2603 1321 2656 sit,
1359 2603 1461 2648 inde
1496 2606 1642 2648 tamen
1669 2616 1757 2647 non

193 2675 401 2732 sequitur,
432 2674 611 2720 eandem
639 2675 850 2721 rationem
878 2675 925 2719 in
952 2674 1184 2733 Chrysippi
1212 2673 1323 2721 libro
1352 2675 1497 2729 fuisse,
1524 2674 1640 2720 unde
1657 2673 1756 2720 Phi-

197 2746 418 2793 lodemeus
444 2748 655 2802 manavit3
686 2748 814 2792 immo
842 2747 987 2804 potius
1017 2747 1276 2804 putandum,
1315 2747 1504 2792 Stoicum
1527 2750 1634 2806 apta
1662 2742 1757 2792 orass

195 2818 313 2864 tione
340 2834 369 2864 a
394 2818 609 2865 sideribus
637 2820 696 2866 ad
735 2820 872 2878 legem
905 2819 1306 2866 conmemorandam
1340 2832 1615 2879 progressum
1648 2832 1754 2864 esse.

197 2890 471 2938 Philodemus
498 2895 655 2946 autem,
682 2892 751 2937 vel
766 2892 858 2938 eius
884 2896 1046 2946 auctor,
1074 2892 1121 2936 in
1141 2891 1419 2951 excerpendo,
1446 2895 1497 2937 ut
1518 2891 1614 2937 fieri
1632 2890 1755 2944 solet,

195 2962 329 3010 verba
359 2963 514 3021 quibus
543 2963 688 3010 sidera
716 2978 812 3010 cum
841 2965 938 3024 lege
966 2968 1068 3024 apte
1096 2964 1325 3010 coniuncta
1354 2967 1478 3010 erant
1510 2962 1665 3018 omisit,
1691 2963 1755 3008 ita
