1945 3260
245 287 327 330 pus
364 273 521 329 sensit,-
557 272 795 327 imaginem
830 271 936 315 satis
966 284 1217 327 <expressam
1256 271 1482 328 habemus,
1519 277 1566 317 ut
1596 272 1806 317 iudicium

245 346 459 392 cohihere·
475 343 867 404 commodissimum
897 342 1108 386 videatur.

383 416 536 472 Neque
557 416 708 460 ‘multo
742 416 866 459 aliter
904 414 959 458 de
978 447 981 449 —
1001 415 1248 470 Aristotele,
1290 415 1412 459 cuius
1436 416 1504 460 >ud.
1525 416 1697 473 'piacita
1727 424 1807 460 nos

247 501 361 534 nune
391 493 639 534 convertere
669 487 895 543 debemus,
933 499 979 530 se
1006 499 1075 530 res
1103 486 1244 542 habet,
1273 487 1375 541 quia
1399 500 1483 542 quo
1511 490 1653 545 plures
1679 502 1708 533 a
1735 489 1807 533 oi·

243 573 395 605 eei-oue
426 561 682 617 suscipimus
710 558 847 602 nodos
873 557 1176 614 expediendos,
1205 571 1256 601 eo
1285 559 1428 602 minus
1456 561 1608 604 auxilii
1636 574 1690 605 ex
1710 560 1807 604 Phi-

243 632 401 676 lodemi
434 632 544 677 libro
572 635 716 687 petere
741 642 989 685 possumus,
1026 629 1099 671 ubi
1129 629 1233 671 nihil
1265 634 1434 684 praeter
1462 630 1569 674 haec
1593 631 1807 682 invenitur

243 717 316 761 pg-
343 706 399 748 72
442 704 520 748 ⁷b.
550 717 618 747 vv.
650 704 829 747 8—10.:
866 701 970 758 παρ’
1008 696 1127 757 'Apta
1154 725 1211 731 —
1233 700 1404 744 τοτέλει
1433 697 1473 756 δ’
1499 700 1548 746 ἐν
1573 703 1643 760 τῷ
1667 702 1806 759 τρίτῳ

242 776 343 833 περὶ
381 775 648 831 φιλοσοφίας
685 799 739 808 -
752 806 763 828 ‚
811 773 967 828 quibus
1015 766 1160 816 tamen
1201 771 1344 815 verbis
1381 773 1569 817 Tullium
1614 778 1807 817 nostrum

242 860 390 905 presse
420 848 677 904 Epicureum
714 858 809 890 esse
846 849 1038 888 secutum
1069 844 1243 900 egregie
1270 845 1483 899 probatur.
1542 846 1635 889 Hac
1659 849 1807 891 autem

242 920 465 964 occasione
483 920 628 963 oblata
657 932 742 962 non
772 918 960 961 alienum
988 917 1093 959 mihi
1123 917 1304 972 videtur,
1334 918 1581 973 diligentius
1606 918 1652 960 in
1677 918 1808 962 libros

241 991 343 1048 περὶ
366 990 639 1046 φιλοσοφίας
656 989 887 1043 inquirere,
916 1001 1023 1042 quos
1044 988 1226 1031 Krische
1256 1002 1415 1043 magna
1437 1002 1538 1042 ‚cum
1570 989 1807 1044 sagacitate

242 1062 416 1109 eosdem
445 1074 540 1106 esse
571 1075 624 1105 ac
652 1060 1069 1115 methaphysicorum
1099 1059 1228 1102 libros
1256 1060 1300 1113 Ι,
1338 1059 1415 1111 XI,
1443 1060 1529 1103 XII
1559 1059 1662 1117 (tres
1691 1061 1806 1104 enim

243 1134 312 1181 de<
335 1133 606 1190 philosophia
638 1132 770 1176 libros
805 1131 939 1174 fuisse
980 1144 1035 1174 ex
1071 1130 1193 1186 Diog.
1224 1131 1273 1174 L.
1311 1132 1360 1175 V.
1392 1133 1447 1175 22
1475 1136 1632 1188 patet),
1671 1132 1806 1188 suspi-

244 1209 367 1252 catus
391 1210 473 1251 est.
534 1204 674 1255 Quam
713 1209 857 1246 tamen
891 1202 1177 1245 coniecturam
1208 1216 1261 1245 ne
1297 1202 1600 1259 adprobemus,
1629 1216 1701 1246 res
1726 1202 1805 1246 ad-

243 1276 419 1321 modum
457 1290 616 1333 graves
644 1290 723 1320 nos
752 1275 1001 1331 impediunt.
1061 1275 1180 1318 Licet
1209 1275 1322 1318 enim
1352 1289 1498 1319 omnes
1526 1276 1572 1320 in
1600 1277 1723 1320 tertio
1752 1274 1807 1319 de

244 1342 513 1405 philosophia
554 1348 664 1391 libro
702 1348 893 1402 prolatae
930 1347 1166 1389 sententiae
1196 1359 1251 1389 ex
1280 1347 1667 1403 metaphysicorum
1695 1348 1806 1390 libro

242 1412 328 1464 XII
360 1421 493 1489 repeti
522 1420 697 1475 possint,
730 1425 875 1461 tamen
904 1417 1242 1460 testimoniorum
1282 1431 1419 1473 neque
1448 1418 1693 1475 Philopon'i,
1732 1419 1806 1473 qui

242 1492 297 1537 de
316 1492 465 1537 anima
492 1495 529 1549 1,
562 1494 587 1535 5
617 1505 689 1548 pg.
722 1489 838 1533 410b
868 1491 935 1533 28.
955 1489 1223 1532 Aristotelem
1252 1494 1399 1533 narrat
1428 1503 1579 1534 versus
1599 1490 1807 1558 Orphicos

243 1578 477 1621 usurpasse
506 1561 556 1606 ἐν
585 1570 680 1614 τοῖς
705 1561 806 1618 περὶ
834 1560 1111 1616 φιλοσοφίας,
1141 1574 1278 1615 neque
1295 1562 1503 1617 Diogenis
1531 1557 1707 1619 Laertii,
1733 1563 1806 1619 qui

239 1637 282 1693 I,
322 1638 360 1680 8.
406 1636 589 1680 eundem
628 1635 796 1691 scripsit
824 1633 879 1677 de
909 1637 1049 1677 aetate
1078 1637 1121 1677 et
1149 1635 1388 1706 praeceptis
1419 1636 1685 1692 magicorum
1716 1635 1802 1679 dis-

240 1709 424 1753 seruisse
469 1706 518 1751 ἐν
564 1702 738 1764 πρώτῳ
777 1705 878 1763 περὶ
915 1705 1205 1762 φιλοσοφίας,
1247 1719 1384 1762 neque
1424 1707 1650 1765 Porphyrii
1688 1707 1804 1764 apud

240 1781 356 1826 Stob.
388 1780 532 1825 Floril.
565 1784 634 1836 21,
665 1782 732 1824 26.
770 1792 816 1823 se
845 1778 1002 1835 legisse
1031 1778 1212 1822 dicentis
1241 1777 1290 1823 ἐν
1320 1787 1414 1832 τοῖς
1440 1779 1804 1837 περὶφιλοσοφίας

241 1852 349 1897 illud
380 1853 530 1909 γνῶθι
565 1847 754 1894 σεαυτὸν
791 1850 875 1893 iam
920 1850 1052 1893 multo
1090 1854 1189 1892 ante
1228 1850 1449 1894 Chilonem
1488 1852 1668 1908 Delphis
1704 1851 1802 1895 aed-i

241 1923 414 1969 cuidam
442 1923 692 1980 inscriptum
721 1921 857 1966 fuisse
868 1955 881 1978 ,
926 1921 1059 1965 ullum
1087 1922 1132 1965 in
1161 1922 1466 1985 metaphysicis
1494 1923 1636 1981 detegi
1667 1927 1803 1981 potest

240 1997 484 2053 vestigium.
544 1995 762 2052 Optimum
780 1994 914 2050 igitur
936 1994 1028 2050 erit,
1057 1994 1153 2037 illos
1181 1995 1262 2037 tris
1290 1994 1345 2037 de
1374 1996 1639 2052 philosophia
1668 1996 1801 2039 libros

240 2067 413 2112 omnino
430 2081 459 2111 a
478 2066 784 2123 metaphysicis
807 2065 1033 2121 seiungere
1056 2077 1225 2121 eosque,
1256 2065 1368 2120 quod
1387 2067 1518 2111 etiam
1548 2067 1587 2111 J.
1604 2068 1801 2123 Bernays

239 2140 286 2183 in
322 2139 434 2184 libro
471 2152 569 2197 suo,
615 2138 689 2196 qui
728 2137 995 2182 inscribitur:
1066 2137 1148 2180 Die
1193 2137 1374 2194 Dialoge
1415 2138 1492 2183 des
1537 2138 1798 2183 Aristoteles.

238 2211 388 2256 Berlin
408 2211 531 2257 1863.
563 2210 839 2267 comprobare
861 2208 1036 2265 studuit,
1062 2208 1108 2251 in
1137 2207 1406 2265 dialogorum
1431 2203 1605 2254 modum
1634 2223 1799 2269 compo-

239 2283 343 2328 sitos
364 2295 537 2328 censere
557 2288 615 2328 et
629 2282 852 2340 opiniones
878 2280 1141 2337 superiorum
1170 2280 1511 2338 philosophorum
1541 2281 1798 2332 continuisse

238 2359 281 2399 et
308 2355 366 2399 ab
394 2355 621 2400 Aristotele
649 2355 751 2412 ipso
769 2353 824 2397 de
856 2353 1034 2396 summis
1060 2353 1202 2396 causis
1229 2354 1457 2409 expositas.
1487 2380 1545 2385 -
1587 2355 1710 2408 Quod
1740 2352 1799 2398 ad

236 2425 474 2472 doctrinam
514 2426 655 2483 ipsam
692 2424 882 2482 adtinet,
931 2425 976 2468 in
1014 2436 1102 2480 qua
1141 2424 1306 2469 Velleio
1339 2426 1588 2471 Aristoteles
1627 2426 1798 2471 videtur

236 2497 416 2545 multum
451 2498 668 2553 turbasse,
703 2497 909 2552 quoniam
939 2495 1143 2539 librorum
1172 2495 1227 2539 de
1257 2496 1522 2552 philosophia
1553 2498 1700 2542 nullae
1725 2510 1796 2541 ex·—

238 2572 353 2614 stsnt
379 2568 608 2625 reliquiae,
642 2567 699 2613 ad
725 2580 835 2623 quas
864 2565 1086 2611 Ciceronis
1115 2567 1440 2623 explicationem
1469 2569 1681 2624 possimus
1704 2570 1796 2613 exi·

236 2653 366 2697 gere,
394 2640 502 2689 nihil
529 2653 751 2687 monemus
778 2639 882 2695 nisi,
909 2651 1021 2693 quae
1050 2639 1287 2683 sententiae
1316 2640 1594 2696 proferantur,
1624 2640 1798 2688 easdem

236 2712 328 2763 ferne
372 2711 504 2760 etiam
538 2712 586 2756 in
622 2712 723 2756 aliis
760 2710 953 2757 eiusdem
994 2709 1187 2755 auctoris
1224 2710 1392 2768 scriptis
1438 2710 1565 2756 facile
1601 2712 1797 2771 inveniri,

237 2784 468 2835 dummodo
494 2784 639 2829 auimo
664 2787 898 2839 teneamus,
925 2784 984 2829 ab
1013 2783 1223 2839 Epicureo
1251 2796 1383 2827 unum
1414 2783 1554 2839 deum,
1575 2788 1686 2839 -quot
1702 2785 1799 2830 :sint

237 2856 278 2905 ei
296 2854 574 2904 «immundo
592 2854 793 2911 rationes,
819 2854 865 2899 in
890 2843 1071 2921 tqtidem
1098 2854 1203 2899 deos
1230 2867 1325 2899 esse
1352 2854 1625 2912 discerptum.
1666 2855 1798 2909 «Quod

235 2932 381 2991 tamen
397 2928 595 2985 legimus,
624 2925 829 2971 mundum
844 2928 986 2983 ipsum
1014 2926 1145 2971 deum
1174 2940 1284 2983 esse,
1308 2939 1521 2982 nusquam
1546 2928 1654 2973 aiibi
1670 2928 1798 2985 apuu
