1945 3260
803 222 855 231 -.
916 201 978 241 25:
1033 222 1092 231 .-

167 309 605 367 vestigium-odoret?
621 310 796 366 Ubique
814 310 927 354 enim
942 310 1140 390 jundem
1154 309 1547 364 intended-tavit,
1575 312 1662 367 qui,
1679 325 1734 355 ne

82 392 86 396 ’
167 380 264 437 quis
287 394 334 424 se
361 377 643 439 intellegeret,
670 380 864 426 consulto
890 381 1132 437 opinionem
1153 394 1275 424 suam
1303 381 1593 433 occultaverit,
1616 381 1732 437 quod

165 451 368 495 iudicium
384 457 498 495 certe
518 467 603 496 non
617 468 671 497 ex
688 454 788 509 ipsa
803 452 911 496 libri.
928 453 1022 495 eius
1041 453 1224 496 lectione
1243 453 1429 508 repetiit,
1447 452 1731 509 Velutiscrip-

168 523 225 567 sit
245 521 299 568 de
319 521 370 566 N.
386 523 435 567 D.
463 524 498 581 I,
527 529 594 577 26,
628 529 714 569 74.:
745 537 824 569 nec
851 523 1045 568 consulto
1074 523 1182 568 dicis
1207 522 1385 576 occulte,
1406 528 1626 581 tamquam
1645 523 1730 569 He-

165 593 342 637 raclitus
360 595 414 638 de
424 595 513 639 Div.
527 596 580 648 11,
593 601 661 647 64,
679 601 783 639 133:
802 595 927 638 valde
936 595 1180 638 Heraclitus
1196 595 1423 651 obscurus;
1454 595 1508 639 de
1523 594 1575 639 N.
1592 595 1644 638 D.
1657 597 1734 651 111,

168 672 232 710 14.
256 670 336 712 35:
361 680 486 723 quem
512 668 652 726 ipsum
675 667 974 727 (Heraclitum)
993 681 1079 711 non
1096 680 1244 712 omnes
1271 667 1611 724 interpretantur
1648 683 1735 713 uno

164 739 315 792 modo;
346 741 418 794 qui
447 740 646 795 quoniam
672 740 775 795 quid
796 740 969 792 diceret,
998 739 1190 795 intellegi
1210 739 1359 789 noluit,
1384 742 1652 789 omittamus;
1681 740 1735 783 de

164 809 256 854 Fin.
278 810 330 864 11,
347 814 385 862 5,
405 814 478 855 15:
496 811 610 867 quod
628 816 702 865 (sc.
727 826 814 856 non
827 811 1042 869 intellegi)
1059 800 1214 856 duobis
1228 810 1380 855 modus
1402 811 1497 856 sine
1515 811 1727 870 reprehen

164 882 282 925 sione
293 881 352 935 fit,
374 883 500 925 siant
515 883 569 927 de
585 884 799 927 industria
824 883 971 933 facias.
1002 887 1051 926 ut
1068 882 1325 936 Heraclitus,
1350 889 1633 940 cognomento
1654 887 1728 939 qui

163 949 388 1004 σκοτεινὸς
411 953 670 1009 perhibetur,
700 954 802 1009 quia
830 954 887 998 de
914 958 1071 998 natura
1102 954 1230 998 nimis
1265 954 1448 999 obscure
1477 955 1729 998 memoravit

163 1028 242 1068 etc.
299 1024 470 1068 Etenim
508 1025 697 1070 animum
725 1025 944 1073 Heraclito
976 1024 1187 1071 infensum
1226 1025 1366 1070 Tullio
1406 1025 1600 1072 tribuens
1637 1026 1730 1086 loco

163 1105 216 1140 ex
256 1095 366 1141 libro
411 1096 466 1139 de
499 1096 667 1141 Finibb.
706 1096 893 1141 secundo
937 1097 1085 1141 adlato
1128 1111 1215 1142 non
1256 1111 1521 1142 commoveor
1535 1133 1546 1144 .
1588 1103 1638 1141 ut
1677 1098 1732 1141 de

163 1169 374 1213 sententia
402 1183 497 1213 mea
526 1168 743 1220 decedam,
769 1169 969 1225 qnoniam
995 1169 1194 1225 equidem
1216 1169 1398 1226 adsequi
1423 1183 1510 1214 non
1532 1184 1722 1228 possum,

162 1255 248 1296 qua
276 1241 373 1297 quis
400 1242 567 1284 ratione
592 1240 807 1284 hominem
832 1241 1027 1285 consulto
1056 1242 1210 1292 omnia,
1250 1255 1362 1297 quae
1400 1242 1553 1293 sentit,
1595 1242 1731 1286 occul·

161 1316 325 1357 tantem
366 1313 420 1357 ob
450 1326 629 1369 eamque
661 1327 834 1357 causam
863 1327 1014 1370 parum
1044 1313 1391 1371 intellegendum,
1418 1327 1506 1370 qua
1538 1315 1635 1370 quis
1661 1329 1730 1358 ra-

160 1384 299 1439 tione,
326 1385 513 1440 inquam,
538 1397 634 1427 eum
670 1385 899 1428 aestimare
928 1385 1075 1440 possit.
1133 1386 1286 1441 Itaque
1314 1398 1401 1429 non
1418 1385 1545 1429 valde
1566 1400 1595 1429 a
1622 1386 1728 1429 veri-

162 1459 254 1510 aate
290 1455 494 1499 aberrare
531 1454 636 1499 mihi
666 1456 837 1513 videor,
876 1456 913 1500 si
944 1455 1208 1501 Heraclitum
1242 1456 1298 1500 de
1323 1456 1538 1501 industria
1557 1471 1586 1501 a
1613 1456 1729 1501 Cice·

160 1541 262 1569 rone
282 1528 324 1569 in
348 1528 599 1571 oblivionem
618 1528 849 1571 adductum
874 1542 968 1572 esse
998 1532 1152 1580 statuo,
1181 1532 1231 1571 ut
1245 1528 1462 1572 hominem
1490 1529 1727 1585 indignum,

162 1598 234 1654 qui
272 1598 538 1656 diligentiam
574 1603 766 1643 nostram
805 1603 863 1644 et
889 1601 1171 1658 sagacitatem
1208 1600 1377 1645 excitet.
1444 1598 1539 1653 Qua
1581 1599 1730 1644 eadem

161 1661 253 1713 fere
302 1684 440 1726 poena
487 1673 743 1714 nostratium
788 1672 964 1727 quidam
999 1673 1193 1715 Persium
1233 1674 1407 1728 poetam
1438 1671 1621 1722 adfecit,
1659 1672 1732 1727 qui

166 1741 300 1784 multo
324 1740 418 1785 oleo
450 1746 494 1785 et
531 1756 664 1799 opera
690 1743 734 1786 in
764 1744 910 1787 satiris
941 1744 1033 1788 eius
1061 1742 1373 1800 perspiciendis
1402 1742 1586 1800 perdito,
1617 1742 1733 1798 dum,

168 1813 242 1874 qui
262 1827 347 1857 non
374 1814 464 1857 vult
493 1815 696 1872 intellegi,
725 1816 802 1871 ait,
828 1829 914 1860 non
941 1815 1071 1859 debet
1099 1814 1196 1872 legi,
1222 1814 1573 1871 indignabundus
1601 1814 1734 1871 longe

167 1900 263 1930 eum
291 1886 461 1931 abiecit.

301 1958 394 2003 Hac
415 1963 557 2002 autem
576 1959 856 2016 digressione,
885 1962 934 2003 ut
952 1960 1117 2015 opinor,
1148 1958 1393 2003 necessaria
1417 1957 1546 2009 facta,
1576 1958 1731 2001 seriem

163 2044 192 2074 a
219 2029 421 2074 Cicerone
462 2030 702 2074 institutam
738 2030 879 2074 denuo
923 2033 1229 2088 persequentes
1257 2030 1302 2074 in
1328 2029 1533 2087 Diogenis
1562 2028 1731 2085 Apollo-

163 2103 307 2145 niatae
343 2102 556 2145 sententia
584 2102 897 2147 consideranda
933 2103 1171 2160 paullisper
1202 2115 1522 2147 commoremur.
1579 2100 1724 2144 Facile

165 2173 278 2217 enim
319 2187 372 2216 ex
400 2172 617 2217 Ciceronis
656 2174 818 2226 verbis,
858 2188 954 2218 eum
987 2188 1088 2218 aere
1127 2174 1209 2218 deo
1237 2188 1362 2218 usum
1387 2187 1483 2217 esse
1505 2161 1736 2217 tradentis’

165 2245 293 2288 talem
328 2244 614 2300 intellegimus
648 2245 793 2296 deum,
832 2245 905 2301 qui
943 2259 1075 2303 supra
1110 2259 1255 2289 rerum
1289 2246 1612 2289 universitatem
1641 2258 1730 2287 ver-

166 2329 266 2359 sans
304 2315 360 2360 ab
400 2328 535 2371 eaque
574 2316 790 2360 seiunctus
826 2331 879 2361 ex
915 2318 1096 2360 materia
1140 2316 1283 2361 omnia
1319 2320 1535 2373 procreet,
1574 2317 1734 2372 quippe

166 2403 275 2439 cum,
293 2392 342 2431 ut
355 2387 535 2431 Krische
554 2389 581 2431 l.
612 2403 645 2432 c.
674 2403 744 2446 pg.
762 2393 857 2433 177.
882 2393 999 2433 recte
1008 2389 1186 2442 monuit,
1209 2392 1356 2432 nostro
1372 2387 1630 2444 philosopho
1659 2401 1735 2431 aer

156 2460 259 2517 'ipse
290 2461 471 2504 materia
498 2460 629 2505 fuerit
656 2461 826 2522 divinae
853 2460 1037 2505 rationis
1074 2473 1259 2517 compos,
1296 2473 1350 2503 ex
1376 2472 1463 2515 qua
1490 2472 1561 2502 res
1586 2472 1734 2502 omnes

167 2533 368 2576 oriantur.
428 2532 514 2577 Sed
531 2533 643 2577 hanc
663 2533 910 2590 ambiguam
937 2533 1158 2578 doctrinae
1188 2532 1393 2589 Diogenis
1419 2531 1734 2575 enarrationem

169 2617 223 2647 ne
254 2603 447 2648 Ciceroni
477 2605 557 2648 soli
585 2605 910 2662 exprobremus,
941 2605 1052 2649 libro
1073 2604 1174 2661 περὶ
1200 2598 1418 2656 εὐσεβείας
1445 2601 1734 2659 prohibemur,

169 2690 223 2720 ex
262 2690 346 2732 quo
383 2677 509 2720 huius
550 2678 846 2733 ambiguitatis
882 2682 1100 2721 auctorem
1128 2676 1421 2720 Philodemum
1458 2674 1593 2718 fuisse
1620 2675 1734 2718 clare

171 2747 318 2790 elucet
382 2748 495 2793 Satis
522 2749 695 2805 quidem
714 2764 913 2806 magnum
931 2749 1176 2806 optimeque
1204 2750 1418 2792 servatum
1448 2746 1734 2803 fragmentum

169 2818 390 2874 babemus,
434 2821 560 2878 quod,
588 2822 691 2877 quia
714 2821 770 2865 ob
796 2834 970 2865 causam
1007 2820 1138 2864 etiam
1159 2819 1293 2864 aliam
1318 2818 1595 2863 memorabile
1622 2818 1734 2861 vide-

171 2895 255 2943 tur,
279 2892 493 2948 integrum
515 2893 733 2949 adponere
750 2907 837 2936 non
863 2892 1047 2937 alienum
1073 2891 1269 2936 iudicavi.
1329 2890 1473 2935 Verba
1499 2889 1606 2934 haec
1636 2894 1736 2932 sunt

170 2976 242 3019 pg.
264 2963 343 3015 ,7,0.
372 2962 469 3012 (iba>
659 2999 661 3002 .
701 2966 705 2970 ’
764 2962 915 3020 Διογέ·
