<?xml version="1.0" encoding="UTF-8"?>
<!DOCTYPE html PUBLIC "-//W3C//DTD XHTML 1.0 Transitional//EN"
    "http://www.w3.org/TR/xhtml1/DTD/xhtml1-transitional.dtd">
<html xmlns="http://www.w3.org/1999/xhtml" xml:lang="en" lang="en">
 <head>
  <title>
</title>
<meta http-equiv="Content-Type" content="text/html;charset=utf-8" />
  <meta name='ocr-system' content='tesseract 3.04.00' />
  <meta name='ocr-capabilities' content='ocr_page ocr_carea ocr_par ocr_line ocrx_word'/>
</head>
<body>
  <div class='ocr_page' id='page_1' title='image "./4627452_0033.png"; bbox 0 0 1945 3260; ppageno 0'>
   <div class='ocr_carea' id='block_1_1' title="bbox 840 180 1131 219">
    <p class='ocr_par' dir='ltr' id='par_1_1' title="bbox 840 180 1131 219">
     <span class='ocr_line' id='line_1_1' title="bbox 840 180 1131 219; baseline -0.003 -9"><span class='ocrx_word' id='word_1_1' title='bbox 840 180 1011 219; x_wconf 67' lang='lat' dir='ltr'><strong>-m</strong></span> <span class='ocrx_word' id='word_1_2' title='bbox 1075 201 1131 209; x_wconf 67' lang='grc'><strong>,-</strong></span> 
     </span>
    </p>
   </div>
   <div class='ocr_carea' id='block_1_2' title="bbox 250 277 1637 422">
    <p class='ocr_par' dir='ltr' id='par_1_2' title="bbox 250 277 1637 422">
     <span class='ocr_line' id='line_1_2' title="bbox 254 277 1515 349; baseline 0.001 -14"><span class='ocrx_word' id='word_1_3' title='bbox 254 297 294 336; x_wconf 81' lang='lat'><strong>3.</strong></span> <span class='ocrx_word' id='word_1_4' title='bbox 324 304 469 349; x_wconf 81' lang='grc' dir='ltr'><em>ψυχον</em></span> <span class='ocrx_word' id='word_1_5' title='bbox 498 300 643 337; x_wconf 79' lang='grc' dir='ltr'><strong><em>ποιεῖν</em></strong></span> <span class='ocrx_word' id='word_1_6' title='bbox 672 277 780 342; x_wconf 53' lang='grc' dir='ltr'><strong>ἰούς</strong></span> <span class='ocrx_word' id='word_1_7' title='bbox 996 294 1035 335; x_wconf 82' lang='grc'><strong>6.</strong></span> <span class='ocrx_word' id='word_1_8' title='bbox 1063 285 1179 334; x_wconf 72' lang='grc' dir='ltr'><strong>αὐτὰ</strong></span> <span class='ocrx_word' id='word_1_9' title='bbox 1205 297 1301 344; x_wconf 77' lang='grc' dir='ltr'><strong><em>τοῖς</em></strong></span> <span class='ocrx_word' id='word_1_10' title='bbox 1321 286 1515 337; x_wconf 75' lang='grc' dir='ltr'><em>πάθεσιν</em></span> 
     </span>
     <span class='ocr_line' id='line_1_3' title="bbox 250 358 1637 422; baseline -0.002 -14"><span class='ocrx_word' id='word_1_11' title='bbox 250 369 288 408; x_wconf 84' lang='lat'><strong>4.</strong></span> <span class='ocrx_word' id='word_1_12' title='bbox 318 378 366 408; x_wconf 85' lang='grc' dir='ltr'><strong>τε</strong></span> <span class='ocrx_word' id='word_1_13' title='bbox 391 364 697 422; x_wconf 79' lang='grc' dir='ltr'><em>γεννωμένους</em></span> <span class='ocrx_word' id='word_1_14' title='bbox 720 358 769 405; x_wconf 79' lang='grc' dir='ltr'><strong>ὖ·</strong></span> <span class='ocrx_word' id='word_1_15' title='bbox 996 366 1036 406; x_wconf 84' lang='grc'><strong>7.</strong></span> <span class='ocrx_word' id='word_1_16' title='bbox 1064 368 1158 414; x_wconf 76' lang='grc' dir='ltr'><strong><em>τοῖς</em></strong></span> <span class='ocrx_word' id='word_1_17' title='bbox 1180 363 1281 420; x_wconf 76' lang='grc' dir='ltr'><strong>περὶ</strong></span> <span class='ocrx_word' id='word_1_18' title='bbox 1308 359 1560 420; x_wconf 76' lang='grc' dir='ltr'><em>ἄνθρωπον</em></span> <span class='ocrx_word' id='word_1_19' title='bbox 1591 395 1601 405; x_wconf 88' lang='grc'><strong>.</strong></span> <span class='ocrx_word' id='word_1_20' title='bbox 1627 395 1637 405; x_wconf 92' lang='grc'><em>.</em></span> 
     </span>
    </p>
   </div>
   <div class='ocr_carea' id='block_1_3' title="bbox 167 433 1758 2294">
    <p class='ocr_par' dir='ltr' id='par_1_3' title="bbox 167 433 1758 1838">
     <span class='ocr_line' id='line_1_4' title="bbox 193 433 1752 491; baseline -0.003 -11"><span class='ocrx_word' id='word_1_21' title='bbox 193 436 374 489; x_wconf 81' lang='lat' dir='ltr'><strong>Quibus</strong></span> <span class='ocrx_word' id='word_1_22' title='bbox 401 450 455 480; x_wconf 89' lang='lat' dir='ltr'><strong>ex</strong></span> <span class='ocrx_word' id='word_1_23' title='bbox 502 436 642 481; x_wconf 85' lang='lat' dir='ltr'><strong>verbis</strong></span> <span class='ocrx_word' id='word_1_24' title='bbox 682 433 908 479; x_wconf 84' lang='lat' dir='ltr'><strong>manifesto</strong></span> <span class='ocrx_word' id='word_1_25' title='bbox 948 435 1291 491; x_wconf 76' lang='lat' dir='ltr'><strong>recognoscimus</strong></span> <span class='ocrx_word' id='word_1_26' title='bbox 1335 435 1487 480; x_wconf 88' lang='lat' dir='ltr'><strong>Velleii</strong></span> <span class='ocrx_word' id='word_1_27' title='bbox 1533 433 1752 488; x_wconf 88' lang='lat' dir='ltr'><strong>iudicium,</strong></span> 
     </span>
     <span class='ocr_line' id='line_1_5' title="bbox 194 505 1753 563; baseline -0.003 -13"><span class='ocrx_word' id='word_1_28' title='bbox 194 508 267 563; x_wconf 88' lang='lat' dir='ltr'><strong>qui</strong></span> <span class='ocrx_word' id='word_1_29' title='bbox 297 520 551 562; x_wconf 79' lang='lat' dir='ltr'><strong>quemquam</strong></span> <span class='ocrx_word' id='word_1_30' title='bbox 582 507 629 549; x_wconf 88' lang='lat' dir='ltr'><strong>in</strong></span> <span class='ocrx_word' id='word_1_31' title='bbox 656 505 923 549; x_wconf 85' lang='lat' dir='ltr'><strong>Parmenidis</strong></span> <span class='ocrx_word' id='word_1_32' title='bbox 951 505 1034 548; x_wconf 91' lang='lat' dir='ltr'><strong>deo</strong></span> <span class='ocrx_word' id='word_1_33' title='bbox 1068 519 1242 549; x_wconf 87' lang='lat' dir='ltr'><strong>sensum</strong></span> <span class='ocrx_word' id='word_1_34' title='bbox 1277 507 1489 562; x_wconf 88' lang='lat' dir='ltr'><strong>suspicari</strong></span> <span class='ocrx_word' id='word_1_35' title='bbox 1526 519 1655 561; x_wconf 87' lang='lat' dir='ltr'><strong>posse</strong></span> <span class='ocrx_word' id='word_1_36' title='bbox 1681 518 1753 547; x_wconf 89' lang='lat' dir='ltr'><strong>ne·</strong></span> 
     </span>
     <span class='ocr_line' id='line_1_6' title="bbox 194 575 1754 635; baseline -0.002 -13"><span class='ocrx_word' id='word_1_37' title='bbox 194 580 280 635; x_wconf 81' lang='lat' dir='ltr'><strong>gat,</strong></span> <span class='ocrx_word' id='word_1_38' title='bbox 311 582 355 622; x_wconf 90' lang='lat' dir='ltr'><strong>et</strong></span> <span class='ocrx_word' id='word_1_39' title='bbox 383 577 640 622; x_wconf 76' lang='lat' dir='ltr'><strong>discordiam</strong></span> <span class='ocrx_word' id='word_1_40' title='bbox 668 577 731 622; x_wconf 87' lang='lat' dir='ltr'><strong>ait</strong></span> <span class='ocrx_word' id='word_1_41' title='bbox 760 591 813 622; x_wconf 89' lang='lat' dir='ltr'><strong>ac</strong></span> <span class='ocrx_word' id='word_1_42' title='bbox 840 575 1120 633; x_wconf 76' lang='lat' dir='ltr'><strong>cupiditatem</strong></span> <span class='ocrx_word' id='word_1_43' title='bbox 1151 580 1381 633; x_wconf 87' lang='lat' dir='ltr'><strong>ceteraque</strong></span> <span class='ocrx_word' id='word_1_44' title='bbox 1411 576 1600 621; x_wconf 87' lang='lat' dir='ltr'><strong>eiusdem</strong></span> <span class='ocrx_word' id='word_1_45' title='bbox 1626 589 1754 633; x_wconf 82' lang='lat' dir='ltr'><strong>gene-</strong></span> 
     </span>
     <span class='ocr_line' id='line_1_7' title="bbox 191 647 1752 703; baseline -0.001 -11"><span class='ocrx_word' id='word_1_46' title='bbox 191 650 253 693; x_wconf 86' lang='lat' dir='ltr'><strong>ris</strong></span> <span class='ocrx_word' id='word_1_47' title='bbox 279 664 307 692; x_wconf 92' lang='lat' dir='ltr'><strong>a</strong></span> <span class='ocrx_word' id='word_1_48' title='bbox 331 649 586 692; x_wconf 89' lang='lat' dir='ltr'><strong>Parmenide</strong></span> <span class='ocrx_word' id='word_1_49' title='bbox 611 648 668 692; x_wconf 87' lang='lat' dir='ltr'><strong>ad</strong></span> <span class='ocrx_word' id='word_1_50' title='bbox 704 648 832 691; x_wconf 87' lang='lat' dir='ltr'><strong>deum</strong></span> <span class='ocrx_word' id='word_1_51' title='bbox 858 648 1063 690; x_wconf 84' lang='lat' dir='ltr'><strong>revocari.</strong></span> <span class='ocrx_word' id='word_1_52' title='bbox 1122 648 1191 691; x_wconf 87' lang='lat' dir='ltr'><strong>Ad</strong></span> <span class='ocrx_word' id='word_1_53' title='bbox 1220 652 1414 692; x_wconf 89' lang='lat' dir='ltr'><strong>nostrum</strong></span> <span class='ocrx_word' id='word_1_54' title='bbox 1444 652 1588 691; x_wconf 89' lang='lat' dir='ltr'><strong>autem</strong></span> <span class='ocrx_word' id='word_1_55' title='bbox 1612 647 1752 703; x_wconf 89' lang='lat' dir='ltr'><strong>philo-</strong></span> 
     </span>
     <span class='ocr_line' id='line_1_8' title="bbox 192 718 1753 778; baseline -0.004 -13"><span class='ocrx_word' id='word_1_56' title='bbox 192 720 387 778; x_wconf 82' lang='lat' dir='ltr'><strong>sophum,</strong></span> <span class='ocrx_word' id='word_1_57' title='bbox 417 734 496 764; x_wconf 91' lang='lat' dir='ltr'><strong>nec</strong></span> <span class='ocrx_word' id='word_1_58' title='bbox 522 724 572 765; x_wconf 93' lang='lat' dir='ltr'><strong>ut</strong></span> <span class='ocrx_word' id='word_1_59' title='bbox 596 720 671 764; x_wconf 90' lang='lat' dir='ltr'><strong>alii</strong></span> <span class='ocrx_word' id='word_1_60' title='bbox 698 718 864 775; x_wconf 87' lang='lat' dir='ltr'><strong>opinati</strong></span> <span class='ocrx_word' id='word_1_61' title='bbox 893 721 1016 773; x_wconf 89' lang='lat' dir='ltr'><strong>sunt,</strong></span> <span class='ocrx_word' id='word_1_62' title='bbox 1045 718 1447 775; x_wconf 85' lang='lat' dir='ltr'><strong>adEmpedoclem.</strong></span> <span class='ocrx_word' id='word_1_63' title='bbox 1464 719 1753 776; x_wconf 79' lang='lat' dir='ltr'><strong>fragmentum</strong></span> 
     </span>
     <span class='ocr_line' id='line_1_9' title="bbox 192 788 1753 846; baseline -0.003 -10"><span class='ocrx_word' id='word_1_64' title='bbox 192 791 298 838; x_wconf 91' lang='lat' dir='ltr'><strong>illud</strong></span> <span class='ocrx_word' id='word_1_65' title='bbox 320 805 415 835; x_wconf 88' lang='lat' dir='ltr'><strong>esse</strong></span> <span class='ocrx_word' id='word_1_66' title='bbox 443 790 713 835; x_wconf 84' lang='lat' dir='ltr'><strong>referendum</strong></span> <span class='ocrx_word' id='word_1_67' title='bbox 741 788 858 833; x_wconf 87' lang='lat' dir='ltr'><strong>haud</strong></span> <span class='ocrx_word' id='word_1_68' title='bbox 886 802 1017 846; x_wconf 83' lang='lat' dir='ltr'><strong>aegre</strong></span> <span class='ocrx_word' id='word_1_69' title='bbox 1041 789 1165 833; x_wconf 88' lang='lat' dir='ltr'><strong>nobis</strong></span> <span class='ocrx_word' id='word_1_70' title='bbox 1186 789 1556 846; x_wconf 76' lang='lat' dir='ltr'><strong>persuadebimus,</strong></span> <span class='ocrx_word' id='word_1_71' title='bbox 1585 789 1623 832; x_wconf 88' lang='lat' dir='ltr'><strong>si</strong></span> <span class='ocrx_word' id='word_1_72' title='bbox 1649 789 1753 832; x_wconf 90' lang='lat' dir='ltr'><strong>utri·</strong></span> 
     </span>
     <span class='ocr_line' id='line_1_10' title="bbox 192 860 1754 921; baseline -0.003 -13"><span class='ocrx_word' id='word_1_73' title='bbox 192 877 328 920; x_wconf 91' lang='lat' dir='ltr'><strong>usque</strong></span> <span class='ocrx_word' id='word_1_74' title='bbox 360 864 630 921; x_wconf 83' lang='lat' dir='ltr'><strong>disciplinam</strong></span> <span class='ocrx_word' id='word_1_75' title='bbox 646 861 901 920; x_wconf 82' lang='lat' dir='ltr'><strong>diligentius</strong></span> <span class='ocrx_word' id='word_1_76' title='bbox 915 860 1220 905; x_wconf 72' lang='lat' dir='ltr'><strong>examina-us.</strong></span> <span class='ocrx_word' id='word_1_77' title='bbox 1281 861 1491 906; x_wconf 85' lang='lat' dir='ltr'><strong>Nimirum</strong></span> <span class='ocrx_word' id='word_1_78' title='bbox 1520 860 1754 906; x_wconf 87' lang='lat' dir='ltr'><strong>secundum</strong></span> 
     </span>
     <span class='ocr_line' id='line_1_11' title="bbox 191 924 1754 991; baseline -0.002 -13"><span class='ocrx_word' id='word_1_79' title='bbox 191 934 311 979; x_wconf 84' lang='lat' dir='ltr'><strong>illum</strong></span> <span class='ocrx_word' id='word_1_80' title='bbox 340 934 416 991; x_wconf 85' lang='lat' dir='ltr'><strong>(cf.</strong></span> <span class='ocrx_word' id='word_1_81' title='bbox 444 924 596 991; x_wconf 84' lang='lat' dir='ltr'><strong>fragm.</strong></span> <span class='ocrx_word' id='word_1_82' title='bbox 619 948 660 977; x_wconf 73' lang='lat' dir='ltr'><strong>v.</strong></span> <span class='ocrx_word' id='word_1_83' title='bbox 693 937 790 977; x_wconf 83' lang='lat'>132.</span> <span class='ocrx_word' id='word_1_84' title='bbox 819 926 1078 989; x_wconf 78' lang='grc' dir='ltr'><em>πρώτιστον</em></span> <span class='ocrx_word' id='word_1_85' title='bbox 1106 932 1187 989; x_wconf 80' lang='grc' dir='ltr'><strong>μὲν</strong></span> <span class='ocrx_word' id='word_1_86' title='bbox 1214 930 1362 990; x_wconf 80' lang='grc' dir='ltr'><em>ἔρωτα</em></span> <span class='ocrx_word' id='word_1_87' title='bbox 1386 934 1516 978; x_wconf 72' lang='grc' dir='ltr'><em>θεῶν</em></span> <span class='ocrx_word' id='word_1_88' title='bbox 1543 932 1754 991; x_wconf 76' lang='grc' dir='ltr'><strong><em>μητίσατο</em></strong></span> 
     </span>
     <span class='ocr_line' id='line_1_12' title="bbox 191 1004 1754 1063; baseline -0.001 -14"><span class='ocrx_word' id='word_1_89' title='bbox 191 1006 266 1063; x_wconf 77' lang='lat' dir='ltr'><strong>(sc</strong></span> <span class='ocrx_word' id='word_1_90' title='bbox 300 1006 487 1063; x_wconf 79' lang='grc' dir='ltr'><em>δαίμων)</em></span> <span class='ocrx_word' id='word_1_91' title='bbox 513 1008 723 1058; x_wconf 82' lang='grc' dir='ltr'><em>παντων)</em></span> <span class='ocrx_word' id='word_1_92' title='bbox 754 1004 836 1048; x_wconf 89' lang='lat' dir='ltr'><strong>dea</strong></span> <span class='ocrx_word' id='word_1_93' title='bbox 861 1017 1046 1060; x_wconf 87' lang='lat' dir='ltr'><strong>summa,</strong></span> <span class='ocrx_word' id='word_1_94' title='bbox 1086 1017 1214 1060; x_wconf 89' lang='lat' dir='ltr'><strong>quam</strong></span> <span class='ocrx_word' id='word_1_95' title='bbox 1245 1005 1494 1050; x_wconf 86' lang='lat' dir='ltr'><strong>daemonem</strong></span> <span class='ocrx_word' id='word_1_96' title='bbox 1520 1008 1754 1062; x_wconf 78' lang='lat' dir='ltr'><strong>nuncupat.</strong></span> 
     </span>
     <span class='ocr_line' id='line_1_13' title="bbox 190 1075 1755 1133; baseline 0 -13"><span class='ocrx_word' id='word_1_97' title='bbox 190 1078 374 1133; x_wconf 90' lang='lat' dir='ltr'><strong>primum</strong></span> <span class='ocrx_word' id='word_1_98' title='bbox 413 1090 602 1121; x_wconf 91' lang='lat' dir='ltr'><strong>amorem</strong></span> <span class='ocrx_word' id='word_1_99' title='bbox 636 1080 860 1133; x_wconf 83' lang='lat' dir='ltr'><strong>procreat,</strong></span> <span class='ocrx_word' id='word_1_100' title='bbox 896 1089 981 1131; x_wconf 86' lang='lat' dir='ltr'><strong>quo</strong></span> <span class='ocrx_word' id='word_1_101' title='bbox 1021 1075 1217 1121; x_wconf 88' lang='lat' dir='ltr'><strong>adiutore</strong></span> <span class='ocrx_word' id='word_1_102' title='bbox 1252 1077 1409 1122; x_wconf 87' lang='lat' dir='ltr'><strong>deinde</strong></span> <span class='ocrx_word' id='word_1_103' title='bbox 1448 1082 1493 1122; x_wconf 90' lang='lat' dir='ltr'><strong>et</strong></span> <span class='ocrx_word' id='word_1_104' title='bbox 1516 1078 1663 1122; x_wconf 81' lang='lat' dir='ltr'><strong>-ceteri</strong></span> <span class='ocrx_word' id='word_1_105' title='bbox 1693 1076 1755 1121; x_wconf 91' lang='lat' dir='ltr'><strong>dii</strong></span> 
     </span>
     <span class='ocr_line' id='line_1_14' title="bbox 193 1147 1755 1205; baseline 0.001 -14"><span class='ocrx_word' id='word_1_106' title='bbox 193 1151 440 1192; x_wconf 86' lang='lat' dir='ltr'><strong>nascuntur·</strong></span> <span class='ocrx_word' id='word_1_107' title='bbox 455 1154 499 1191; x_wconf 88' lang='lat' dir='ltr'><strong>et</strong></span> <span class='ocrx_word' id='word_1_108' title='bbox 534 1148 716 1191; x_wconf 89' lang='lat' dir='ltr'><strong>duorum</strong></span> <span class='ocrx_word' id='word_1_109' title='bbox 744 1148 1051 1191; x_wconf 88' lang='lat' dir='ltr'><strong>elementorum</strong></span> <span class='ocrx_word' id='word_1_110' title='bbox 1086 1147 1196 1191; x_wconf 89' lang='lat' dir='ltr'><strong>fiunt</strong></span> <span class='ocrx_word' id='word_1_111' title='bbox 1235 1149 1478 1198; x_wconf 78' lang='lat' dir='ltr'><strong>mixtiones,</strong></span> <span class='ocrx_word' id='word_1_112' title='bbox 1521 1149 1598 1193; x_wconf 85' lang='lat' dir='ltr'><strong>sed</strong></span> <span class='ocrx_word' id='word_1_113' title='bbox 1637 1149 1755 1205; x_wconf 88' lang='lat' dir='ltr'><strong>apud</strong></span> 
     </span>
     <span class='ocr_line' id='line_1_15' title="bbox 192 1219 1757 1275; baseline 0.001 -13"><span class='ocrx_word' id='word_1_114' title='bbox 192 1219 492 1275; x_wconf 86' lang='lat' dir='ltr'><strong>Empedoclem</strong></span> <span class='ocrx_word' id='word_1_115' title='bbox 520 1221 607 1263; x_wconf 89' lang='lat' dir='ltr'><strong>iam</strong></span> <span class='ocrx_word' id='word_1_116' title='bbox 637 1220 693 1263; x_wconf 89' lang='lat' dir='ltr'><strong>ab</strong></span> <span class='ocrx_word' id='word_1_117' title='bbox 719 1220 843 1263; x_wconf 88' lang='lat' dir='ltr'><strong>initio</strong></span> <span class='ocrx_word' id='word_1_118' title='bbox 872 1233 993 1262; x_wconf 87' lang='lat' dir='ltr'><strong>amor</strong></span> <span class='ocrx_word' id='word_1_119' title='bbox 1019 1222 1063 1263; x_wconf 87' lang='lat' dir='ltr'><strong>et</strong></span> <span class='ocrx_word' id='word_1_120' title='bbox 1079 1219 1295 1264; x_wconf 86' lang='lat' dir='ltr'><strong>discordia</strong></span> <span class='ocrx_word' id='word_1_121' title='bbox 1314 1224 1487 1264; x_wconf 89' lang='lat' dir='ltr'><strong>exstant</strong></span> <span class='ocrx_word' id='word_1_122' title='bbox 1501 1226 1589 1265; x_wconf 86' lang='lat' dir='ltr'><strong>tam</strong></span> <span class='ocrx_word' id='word_1_123' title='bbox 1611 1225 1757 1264; x_wconf 83' lang='lat' dir='ltr'><strong>aetate</strong></span> 
     </span>
     <span class='ocr_line' id='line_1_16' title="bbox 193 1291 1757 1349; baseline 0.001 -15"><span class='ocrx_word' id='word_1_124' title='bbox 193 1304 321 1347; x_wconf 89' lang='lat' dir='ltr'><strong>quam</strong></span> <span class='ocrx_word' id='word_1_125' title='bbox 348 1292 542 1348; x_wconf 89' lang='lat' dir='ltr'><strong>potentia</strong></span> <span class='ocrx_word' id='word_1_126' title='bbox 571 1304 711 1348; x_wconf 89' lang='lat' dir='ltr'><strong>pares,</strong></span> <span class='ocrx_word' id='word_1_127' title='bbox 739 1292 812 1347; x_wconf 91' lang='lat' dir='ltr'><strong>qui</strong></span> <span class='ocrx_word' id='word_1_128' title='bbox 840 1291 1144 1345; x_wconf 77' lang='lat' dir='ltr'><strong>elementorum</strong></span> <span class='ocrx_word' id='word_1_129' title='bbox 1172 1293 1382 1336; x_wconf 77' lang='lat' dir='ltr'><strong>mixtione</strong></span> <span class='ocrx_word' id='word_1_130' title='bbox 1412 1297 1457 1336; x_wconf 92' lang='lat' dir='ltr'><strong>et</strong></span> <span class='ocrx_word' id='word_1_131' title='bbox 1474 1292 1757 1349; x_wconf 83' lang='lat' dir='ltr'><strong>dissipatione</strong></span> 
     </span>
     <span class='ocr_line' id='line_1_17' title="bbox 192 1362 1755 1430; baseline 0.002 -24"><span class='ocrx_word' id='word_1_132' title='bbox 192 1377 333 1407; x_wconf 89' lang='lat' dir='ltr'><strong>rerum</strong></span> <span class='ocrx_word' id='word_1_133' title='bbox 352 1364 672 1408; x_wconf 81' lang='lat' dir='ltr'><strong>universitatem</strong></span> <span class='ocrx_word' id='word_1_134' title='bbox 689 1363 929 1408; x_wconf 85' lang='lat' dir='ltr'><strong>conficiunt.</strong></span> <span class='ocrx_word' id='word_1_135' title='bbox 988 1362 1178 1408; x_wconf 80' lang='lat' dir='ltr'><strong>Diluitur</strong></span> <span class='ocrx_word' id='word_1_136' title='bbox 1206 1365 1344 1421; x_wconf 86' lang='lat' dir='ltr'><strong>igitur</strong></span> <span class='ocrx_word' id='word_1_137' title='bbox 1359 1366 1503 1421; x_wconf 90' lang='lat' dir='ltr'><strong>opinio</strong></span> <span class='ocrx_word' id='word_1_138' title='bbox 1519 1370 1566 1409; x_wconf 91' lang='lat' dir='ltr'><strong>et</strong></span> <span class='ocrx_word' id='word_1_139' title='bbox 1593 1379 1755 1430; x_wconf 70' lang='lat' dir='ltr'><strong>eorum,</strong></span> 
     </span>
     <span class='ocr_line' id='line_1_18' title="bbox 194 1435 1757 1494; baseline 0.002 -17"><span class='ocrx_word' id='word_1_140' title='bbox 194 1436 268 1491; x_wconf 85' lang='lat' dir='ltr'><strong>qui</strong></span> <span class='ocrx_word' id='word_1_141' title='bbox 299 1435 545 1484; x_wconf 87' lang='lat' dir='ltr'><strong>Ciceronem</strong></span> <span class='ocrx_word' id='word_1_142' title='bbox 577 1436 718 1492; x_wconf 89' lang='lat' dir='ltr'><strong>ipsum</strong></span> <span class='ocrx_word' id='word_1_143' title='bbox 753 1449 897 1479; x_wconf 88' lang='lat' dir='ltr'><strong>errore</strong></span> <span class='ocrx_word' id='word_1_144' title='bbox 923 1437 1172 1492; x_wconf 90' lang='lat' dir='ltr'><strong>turpissimo</strong></span> <span class='ocrx_word' id='word_1_145' title='bbox 1213 1436 1383 1494; x_wconf 87' lang='lat' dir='ltr'><strong>lapsum</strong></span> <span class='ocrx_word' id='word_1_146' title='bbox 1418 1438 1473 1481; x_wconf 92' lang='lat' dir='ltr'><strong>de</strong></span> <span class='ocrx_word' id='word_1_147' title='bbox 1502 1437 1757 1483; x_wconf 88' lang='lat' dir='ltr'><strong>Parmenide</strong></span> 
     </span>
     <span class='ocr_line' id='line_1_19' title="bbox 196 1507 1756 1565; baseline 0.002 -15"><span class='ocrx_word' id='word_1_148' title='bbox 196 1517 397 1551; x_wconf 81' lang='lat' dir='ltr'><strong>&#39;narrasse</strong></span> <span class='ocrx_word' id='word_1_149' title='bbox 429 1507 630 1552; x_wconf 81' lang='lat' dir='ltr'><strong>arbitrati</strong></span> <span class='ocrx_word' id='word_1_150' title='bbox 658 1511 771 1564; x_wconf 88' lang='lat' dir='ltr'><strong>sunt,</strong></span> <span class='ocrx_word' id='word_1_151' title='bbox 810 1520 922 1563; x_wconf 89' lang='lat' dir='ltr'><strong>quae</strong></span> <span class='ocrx_word' id='word_1_152' title='bbox 951 1507 1202 1565; x_wconf 88' lang='lat' dir='ltr'><strong>Empedocli</strong></span> <span class='ocrx_word' id='word_1_153' title='bbox 1233 1510 1376 1565; x_wconf 83' lang='lat' dir='ltr'><strong>potius</strong></span> <span class='ocrx_word' id='word_1_154' title='bbox 1405 1509 1665 1554; x_wconf 79' lang='lat' dir='ltr'><strong>vindicanda</strong></span> <span class='ocrx_word' id='word_1_155' title='bbox 1693 1523 1756 1553; x_wconf 87' lang='lat' dir='ltr'><strong>es·</strong></span> 
     </span>
     <span class='ocr_line' id='line_1_20' title="bbox 167 1578 1757 1637; baseline 0.001 -15"><span class='ocrx_word' id='word_1_156' title='bbox 167 1612 171 1616; x_wconf 33' lang='lat'><strong>⁴</strong></span> <span class='ocrx_word' id='word_1_157' title='bbox 194 1583 311 1629; x_wconf 85' lang='lat' dir='ltr'><strong>sent,</strong></span> <span class='ocrx_word' id='word_1_158' title='bbox 351 1579 614 1634; x_wconf 88' lang='lat' dir='ltr'><strong>aliorumque</strong></span> <span class='ocrx_word' id='word_1_159' title='bbox 641 1579 781 1622; x_wconf 90' lang='lat' dir='ltr'><strong>minus</strong></span> <span class='ocrx_word' id='word_1_160' title='bbox 810 1578 1056 1632; x_wconf 87' lang='lat' dir='ltr'><strong>audacium,</strong></span> <span class='ocrx_word' id='word_1_161' title='bbox 1097 1580 1173 1636; x_wconf 91' lang='lat' dir='ltr'><strong>qui</strong></span> <span class='ocrx_word' id='word_1_162' title='bbox 1207 1580 1397 1623; x_wconf 88' lang='lat' dir='ltr'><strong>librariis</strong></span> <span class='ocrx_word' id='word_1_163' title='bbox 1430 1581 1757 1637; x_wconf 72' lang='lat' dir='ltr'><strong>exprobrarunt,</strong></span> 
     </span>
     <span class='ocr_line' id='line_1_21' title="bbox 194 1650 1758 1707; baseline 0.001 -13"><span class='ocrx_word' id='word_1_164' title='bbox 194 1650 308 1706; x_wconf 91' lang='lat' dir='ltr'><strong>quod</strong></span> <span class='ocrx_word' id='word_1_165' title='bbox 333 1654 469 1694; x_wconf 88' lang='lat' dir='ltr'><strong>totam</strong></span> <span class='ocrx_word' id='word_1_166' title='bbox 499 1650 754 1694; x_wconf 88' lang='lat' dir='ltr'><strong>sententiam</strong></span> <span class='ocrx_word' id='word_1_167' title='bbox 785 1650 973 1707; x_wconf 85' lang='lat' dir='ltr'><strong>„quippe</strong></span> <span class='ocrx_word' id='word_1_168' title='bbox 1000 1650 1076 1705; x_wconf 89' lang='lat' dir='ltr'><strong>qui</strong></span> <span class='ocrx_word' id='word_1_169' title='bbox 1105 1675 1154 1682; x_wconf 89' lang='lat'><strong>—-</strong></span> <span class='ocrx_word' id='word_1_170' title='bbox 1189 1651 1257 1694; x_wconf 81' lang='lat' dir='ltr'><strong>vel</strong></span> <span class='ocrx_word' id='word_1_171' title='bbox 1293 1656 1507 1695; x_wconf 87' lang='lat' dir='ltr'><strong>vetustate</strong></span> <span class='ocrx_word' id='word_1_172' title='bbox 1534 1652 1758 1696; x_wconf 57' lang='lat' dir='ltr'><strong>delentuff‘</strong></span> 
     </span>
     <span class='ocr_line' id='line_1_22' title="bbox 192 1722 1757 1778; baseline 0.001 -13"><span class='ocrx_word' id='word_1_173' title='bbox 192 1722 250 1765; x_wconf 92' lang='lat' dir='ltr'><strong>ad</strong></span> <span class='ocrx_word' id='word_1_174' title='bbox 280 1722 517 1765; x_wconf 84' lang='lat' dir='ltr'><strong>doctrinam</strong></span> <span class='ocrx_word' id='word_1_175' title='bbox 553 1722 823 1778; x_wconf 83' lang='lat' dir='ltr'><strong>Agrigentini</strong></span> <span class='ocrx_word' id='word_1_176' title='bbox 862 1722 1147 1776; x_wconf 82' lang='lat' dir='ltr'><strong>pertinentem</strong></span> <span class='ocrx_word' id='word_1_177' title='bbox 1180 1723 1555 1778; x_wconf 85' lang='lat' dir='ltr'><strong>neglegentissime</strong></span> <span class='ocrx_word' id='word_1_178' title='bbox 1586 1722 1757 1766; x_wconf 88' lang='lat' dir='ltr'><strong>Parme-</strong></span> 
     </span>
     <span class='ocr_line' id='line_1_23' title="bbox 193 1793 668 1838; baseline 0.006 -2"><span class='ocrx_word' id='word_1_179' title='bbox 193 1793 285 1837; x_wconf 88' lang='lat' dir='ltr'><strong>nidi</strong></span> <span class='ocrx_word' id='word_1_180' title='bbox 314 1793 577 1838; x_wconf 84' lang='lat' dir='ltr'><strong>tribuissent.</strong></span> <span class='ocrx_word' id='word_1_181' title='bbox 608 1816 668 1825; x_wconf 88' lang='lat'>—</span> 
     </span>
    </p>

    <p class='ocr_par' dir='ltr' id='par_1_4' title="bbox 192 1878 1758 2294">
     <span class='ocr_line' id='line_1_24' title="bbox 329 1878 1756 1937; baseline 0.001 -14"><span class='ocrx_word' id='word_1_182' title='bbox 329 1878 477 1935; x_wconf 88' lang='lat' dir='ltr'><strong>Neque</strong></span> <span class='ocrx_word' id='word_1_183' title='bbox 505 1879 681 1923; x_wconf 80' lang='lat' dir='ltr'><strong>minoris</strong></span> <span class='ocrx_word' id='word_1_184' title='bbox 697 1879 1011 1924; x_wconf 86' lang='lat' dir='ltr'><strong>aestimandum</strong></span> <span class='ocrx_word' id='word_1_185' title='bbox 1040 1883 1107 1924; x_wconf 90' lang='lat' dir='ltr'><strong>est</strong></span> <span class='ocrx_word' id='word_1_186' title='bbox 1125 1880 1244 1924; x_wconf 92' lang='lat' dir='ltr'><strong>aliud</strong></span> <span class='ocrx_word' id='word_1_187' title='bbox 1271 1881 1537 1925; x_wconf 88' lang='lat' dir='ltr'><strong>commodum</strong></span> <span class='ocrx_word' id='word_1_188' title='bbox 1565 1895 1618 1924; x_wconf 91' lang='lat' dir='ltr'><strong>ex</strong></span> <span class='ocrx_word' id='word_1_189' title='bbox 1644 1881 1756 1937; x_wconf 86' lang='lat' dir='ltr'><strong>frag-</strong></span> 
     </span>
     <span class='ocr_line' id='line_1_25' title="bbox 193 1948 1758 2007; baseline 0.001 -14"><span class='ocrx_word' id='word_1_190' title='bbox 193 1955 337 1994; x_wconf 86' lang='lat' dir='ltr'><strong>mento</strong></span> <span class='ocrx_word' id='word_1_191' title='bbox 373 1955 520 1994; x_wconf 86' lang='lat' dir='ltr'><strong>nostro</strong></span> <span class='ocrx_word' id='word_1_192' title='bbox 559 1951 829 1995; x_wconf 72' lang='lat' dir='ltr'><strong>redundansz</strong></span> <span class='ocrx_word' id='word_1_193' title='bbox 877 1951 992 2007; x_wconf 91' lang='lat' dir='ltr'><strong>quod</strong></span> <span class='ocrx_word' id='word_1_194' title='bbox 1034 1953 1146 1996; x_wconf 87' lang='lat' dir='ltr'><strong>enim</strong></span> <span class='ocrx_word' id='word_1_195' title='bbox 1178 1952 1451 1996; x_wconf 89' lang='lat' dir='ltr'><strong>Philodemus</strong></span> <span class='ocrx_word' id='word_1_196' title='bbox 1486 1948 1597 1996; x_wconf 79' lang='grc' dir='ltr'><em>θεὸν</em></span> <span class='ocrx_word' id='word_1_197' title='bbox 1630 1956 1758 1996; x_wconf 84' lang='lat' dir='ltr'><strong>vocat</strong></span> 
     </span>
     <span class='ocr_line' id='line_1_26' title="bbox 192 2017 1756 2081; baseline 0.003 -17"><span class='ocrx_word' id='word_1_198' title='bbox 192 2017 389 2079; x_wconf 80' lang='grc' dir='ltr'><em>ἄψυχον,</em></span> <span class='ocrx_word' id='word_1_199' title='bbox 418 2037 529 2079; x_wconf 90' lang='lat' dir='ltr'><strong>quae</strong></span> <span class='ocrx_word' id='word_1_200' title='bbox 558 2023 676 2067; x_wconf 90' lang='lat' dir='ltr'><strong>nullo</strong></span> <span class='ocrx_word' id='word_1_201' title='bbox 708 2027 837 2078; x_wconf 87' lang='lat' dir='ltr'><strong>pacto</strong></span> <span class='ocrx_word' id='word_1_202' title='bbox 862 2022 1130 2068; x_wconf 87' lang='lat' dir='ltr'><strong>Parmenidis</strong></span> <span class='ocrx_word' id='word_1_203' title='bbox 1168 2024 1304 2080; x_wconf 89' lang='lat' dir='ltr'><strong>ipsius</strong></span> <span class='ocrx_word' id='word_1_204' title='bbox 1333 2037 1413 2068; x_wconf 81' lang='lat' dir='ltr'><strong>vox</strong></span> <span class='ocrx_word' id='word_1_205' title='bbox 1443 2028 1519 2078; x_wconf 88' lang='lat' dir='ltr'><strong>est,</strong></span> <span class='ocrx_word' id='word_1_206' title='bbox 1550 2025 1627 2069; x_wconf 89' lang='lat' dir='ltr'><strong>sed</strong></span> <span class='ocrx_word' id='word_1_207' title='bbox 1658 2024 1756 2081; x_wconf 86' lang='lat' dir='ltr'><strong>Epi—</strong></span> 
     </span>
     <span class='ocr_line' id='line_1_27' title="bbox 196 2094 1755 2150; baseline 0.002 -14"><span class='ocrx_word' id='word_1_208' title='bbox 196 2095 311 2137; x_wconf 88' lang='lat' dir='ltr'><strong>curei</strong></span> <span class='ocrx_word' id='word_1_209' title='bbox 340 2108 529 2138; x_wconf 89' lang='lat' dir='ltr'><strong>amorem</strong></span> <span class='ocrx_word' id='word_1_210' title='bbox 560 2094 687 2138; x_wconf 92' lang='lat' dir='ltr'><strong>deum</strong></span> <span class='ocrx_word' id='word_1_211' title='bbox 717 2107 802 2137; x_wconf 89' lang='lat' dir='ltr'><strong>non</strong></span> <span class='ocrx_word' id='word_1_212' title='bbox 829 2095 1123 2150; x_wconf 80' lang='lat' dir='ltr'><strong>agnoscentis,</strong></span> <span class='ocrx_word' id='word_1_213' title='bbox 1162 2096 1401 2139; x_wconf 88' lang='lat' dir='ltr'><strong>certissimo</strong></span> <span class='ocrx_word' id='word_1_214' title='bbox 1439 2100 1507 2139; x_wconf 89' lang='lat' dir='ltr'><strong>est</strong></span> <span class='ocrx_word' id='word_1_215' title='bbox 1531 2096 1755 2139; x_wconf 87' lang='lat' dir='ltr'><strong>documen-</strong></span> 
     </span>
     <span class='ocr_line' id='line_1_28' title="bbox 193 2164 1757 2223; baseline 0.002 -15"><span class='ocrx_word' id='word_1_216' title='bbox 193 2169 251 2221; x_wconf 86' lang='lat' dir='ltr'><strong>to,</strong></span> <span class='ocrx_word' id='word_1_217' title='bbox 285 2165 529 2210; x_wconf 86' lang='lat' dir='ltr'><strong>Ciceronem</strong></span> <span class='ocrx_word' id='word_1_218' title='bbox 558 2167 604 2209; x_wconf 89' lang='lat' dir='ltr'><strong>in</strong></span> <span class='ocrx_word' id='word_1_219' title='bbox 633 2165 981 2222; x_wconf 87' lang='lat' dir='ltr'><strong>recognoscendo</strong></span> <span class='ocrx_word' id='word_1_220' title='bbox 1010 2164 1375 2220; x_wconf 84' lang='lat' dir='ltr'><strong>confutandoque,</strong></span> <span class='ocrx_word' id='word_1_221' title='bbox 1416 2167 1480 2210; x_wconf 88' lang='lat' dir='ltr'><strong>uti</strong></span> <span class='ocrx_word' id='word_1_222' title='bbox 1510 2181 1642 2223; x_wconf 89' lang='lat' dir='ltr'><strong>supra</strong></span> <span class='ocrx_word' id='word_1_223' title='bbox 1671 2168 1757 2211; x_wconf 90' lang='lat' dir='ltr'><strong>iam</strong></span> 
     </span>
     <span class='ocr_line' id='line_1_29' title="bbox 193 2237 1432 2294; baseline -0.001 -14"><span class='ocrx_word' id='word_1_224' title='bbox 193 2238 475 2293; x_wconf 85' lang='lat' dir='ltr'><strong>comprobare</strong></span> <span class='ocrx_word' id='word_1_225' title='bbox 505 2237 661 2289; x_wconf 87' lang='lat' dir='ltr'><strong>studui,</strong></span> <span class='ocrx_word' id='word_1_226' title='bbox 686 2237 874 2280; x_wconf 88' lang='lat' dir='ltr'><strong>auctoris</strong></span> <span class='ocrx_word' id='word_1_227' title='bbox 903 2238 969 2279; x_wconf 90' lang='lat' dir='ltr'><strong>sui</strong></span> <span class='ocrx_word' id='word_1_228' title='bbox 999 2237 1182 2294; x_wconf 83' lang='lat' dir='ltr'><strong>vestig-ia</strong></span> <span class='ocrx_word' id='word_1_229' title='bbox 1209 2239 1432 2293; x_wconf 85' lang='lat' dir='ltr'><strong>pressisse.</strong></span> 
     </span>
    </p>
   </div>
   <div class='ocr_carea' id='block_1_4' title="bbox 197 2331 1756 2539">
    <p class='ocr_par' dir='ltr' id='par_1_5' title="bbox 197 2331 1756 2539">
     <span class='ocr_line' id='line_1_30' title="bbox 334 2331 1756 2394; baseline 0.001 -15"><span class='ocrx_word' id='word_1_230' title='bbox 334 2331 602 2394; x_wconf 86' lang='lat' dir='ltr'><strong>Empedoclis</strong></span> <span class='ocrx_word' id='word_1_231' title='bbox 644 2351 742 2381; x_wconf 86' lang='lat' dir='ltr'><strong>vero</strong></span> <span class='ocrx_word' id='word_1_232' title='bbox 790 2338 1046 2381; x_wconf 89' lang='lat' dir='ltr'><strong>sententiam</strong></span> <span class='ocrx_word' id='word_1_233' title='bbox 1082 2351 1336 2394; x_wconf 88' lang='lat' dir='ltr'><strong>percensere</strong></span> <span class='ocrx_word' id='word_1_234' title='bbox 1382 2337 1490 2381; x_wconf 90' lang='lat' dir='ltr'><strong>nihil</strong></span> <span class='ocrx_word' id='word_1_235' title='bbox 1531 2352 1640 2394; x_wconf 91' lang='lat' dir='ltr'><strong>opus</strong></span> <span class='ocrx_word' id='word_1_236' title='bbox 1678 2342 1756 2394; x_wconf 91' lang='lat' dir='ltr'><strong>est,</strong></span> 
     </span>
     <span class='ocr_line' id='line_1_31' title="bbox 197 2409 1756 2467; baseline -0.001 -14"><span class='ocrx_word' id='word_1_237' title='bbox 197 2409 311 2465; x_wconf 90' lang='lat' dir='ltr'><strong>quod</strong></span> <span class='ocrx_word' id='word_1_238' title='bbox 349 2424 426 2454; x_wconf 91' lang='lat' dir='ltr'><strong>nec</strong></span> <span class='ocrx_word' id='word_1_239' title='bbox 461 2410 609 2455; x_wconf 89' lang='lat' dir='ltr'><strong>Cicero</strong></span> <span class='ocrx_word' id='word_1_240' title='bbox 651 2410 697 2453; x_wconf 90' lang='lat' dir='ltr'><strong>in</strong></span> <span class='ocrx_word' id='word_1_241' title='bbox 736 2409 1001 2465; x_wconf 86' lang='lat' dir='ltr'><strong>expositione</strong></span> <span class='ocrx_word' id='word_1_242' title='bbox 1037 2409 1289 2454; x_wconf 84' lang='lat' dir='ltr'><strong>brevissima</strong></span> <span class='ocrx_word' id='word_1_243' title='bbox 1335 2423 1538 2467; x_wconf 88' lang='lat' dir='ltr'><strong>peccasse</strong></span> <span class='ocrx_word' id='word_1_244' title='bbox 1575 2410 1756 2464; x_wconf 81' lang='lat' dir='ltr'><strong>videtur,</strong></span> 
     </span>
     <span class='ocr_line' id='line_1_32' title="bbox 197 2480 1754 2539; baseline 0.001 -16"><span class='ocrx_word' id='word_1_245' title='bbox 197 2495 335 2537; x_wconf 90' lang='lat' dir='ltr'><strong>neque</strong></span> <span class='ocrx_word' id='word_1_246' title='bbox 364 2482 597 2539; x_wconf 84' lang='lat' dir='ltr'><strong>quidquam</strong></span> <span class='ocrx_word' id='word_1_247' title='bbox 626 2481 681 2525; x_wconf 95' lang='lat' dir='ltr'><strong>de</strong></span> <span class='ocrx_word' id='word_1_248' title='bbox 711 2495 761 2525; x_wconf 91' lang='lat' dir='ltr'><strong>eo</strong></span> <span class='ocrx_word' id='word_1_249' title='bbox 790 2483 835 2525; x_wconf 89' lang='lat' dir='ltr'><strong>in</strong></span> <span class='ocrx_word' id='word_1_250' title='bbox 867 2481 1106 2525; x_wconf 80' lang='lat' dir='ltr'><strong>Philodami</strong></span> <span class='ocrx_word' id='word_1_251' title='bbox 1135 2480 1388 2538; x_wconf 86' lang='lat' dir='ltr'><strong>fragmentis</strong></span> <span class='ocrx_word' id='word_1_252' title='bbox 1426 2485 1640 2526; x_wconf 86' lang='lat' dir='ltr'><strong>servatum</strong></span> <span class='ocrx_word' id='word_1_253' title='bbox 1677 2486 1754 2525; x_wconf 88' lang='lat' dir='ltr'><strong>est.</strong></span> 
     </span>
    </p>
   </div>
   <div class='ocr_carea' id='block_1_5' title="bbox 197 2581 1757 2781">
    <p class='ocr_par' dir='ltr' id='par_1_6' title="bbox 197 2581 1757 2781">
     <span class='ocr_line' id='line_1_33' title="bbox 335 2581 1756 2639; baseline -0.001 -13"><span class='ocrx_word' id='word_1_254' title='bbox 335 2583 613 2639; x_wconf 83' lang='lat' dir='ltr'><strong>Protagoram</strong></span> <span class='ocrx_word' id='word_1_255' title='bbox 640 2586 801 2634; x_wconf 82' lang='lat' dir='ltr'><strong>contra,</strong></span> <span class='ocrx_word' id='word_1_256' title='bbox 824 2582 879 2626; x_wconf 92' lang='lat' dir='ltr'><strong>de</strong></span> <span class='ocrx_word' id='word_1_257' title='bbox 909 2596 992 2638; x_wconf 91' lang='lat' dir='ltr'><strong>quo</strong></span> <span class='ocrx_word' id='word_1_258' title='bbox 1019 2583 1211 2627; x_wconf 88' lang='lat' dir='ltr'><strong>narratio</strong></span> <span class='ocrx_word' id='word_1_259' title='bbox 1240 2581 1517 2626; x_wconf 89' lang='lat' dir='ltr'><strong>Philodemea</strong></span> <span class='ocrx_word' id='word_1_260' title='bbox 1542 2583 1640 2637; x_wconf 87' lang='lat' dir='ltr'><strong>ipsa</strong></span> <span class='ocrx_word' id='word_1_261' title='bbox 1668 2595 1756 2625; x_wconf 92' lang='lat' dir='ltr'><strong>om-</strong></span> 
     </span>
     <span class='ocr_line' id='line_1_34' title="bbox 198 2653 1757 2709; baseline 0.001 -13"><span class='ocrx_word' id='word_1_262' title='bbox 198 2653 300 2697; x_wconf 88' lang='lat' dir='ltr'><strong>nino</strong></span> <span class='ocrx_word' id='word_1_263' title='bbox 328 2654 437 2707; x_wconf 85' lang='lat' dir='ltr'><strong>silet,</strong></span> <span class='ocrx_word' id='word_1_264' title='bbox 465 2654 625 2698; x_wconf 90' lang='lat' dir='ltr'><strong>idcirco</strong></span> <span class='ocrx_word' id='word_1_265' title='bbox 650 2654 800 2698; x_wconf 83' lang='lat' dir='ltr'><strong>valere</strong></span> <span class='ocrx_word' id='word_1_266' title='bbox 822 2667 910 2698; x_wconf 87' lang='lat' dir='ltr'><strong>non</strong></span> <span class='ocrx_word' id='word_1_267' title='bbox 935 2654 1199 2703; x_wconf 89' lang='lat' dir='ltr'><strong>iubebimus,</strong></span> <span class='ocrx_word' id='word_1_268' title='bbox 1237 2654 1352 2708; x_wconf 88' lang='lat' dir='ltr'><strong>quod</strong></span> <span class='ocrx_word' id='word_1_269' title='bbox 1378 2654 1464 2696; x_wconf 87' lang='lat' dir='ltr'><strong>alio</strong></span> <span class='ocrx_word' id='word_1_270' title='bbox 1498 2654 1757 2709; x_wconf 68' lang='lat' dir='ltr'><strong>fragmento·</strong></span> 
     </span>
     <span class='ocr_line' id='line_1_35' title="bbox 197 2725 1756 2781; baseline 0.001 -13"><span class='ocrx_word' id='word_1_271' title='bbox 197 2740 293 2768; x_wconf 84' lang='lat' dir='ltr'><strong>rum</strong></span> <span class='ocrx_word' id='word_1_272' title='bbox 320 2726 414 2770; x_wconf 87' lang='lat' dir='ltr'><strong>loco</strong></span> <span class='ocrx_word' id='word_1_273' title='bbox 443 2727 549 2770; x_wconf 86' lang='lat' dir='ltr'><strong>satis</strong></span> <span class='ocrx_word' id='word_1_274' title='bbox 577 2725 794 2769; x_wconf 87' lang='lat' dir='ltr'><strong>luculenta</strong></span> <span class='ocrx_word' id='word_1_275' title='bbox 823 2730 995 2770; x_wconf 86' lang='lat' dir='ltr'><strong>exstant</strong></span> <span class='ocrx_word' id='word_1_276' title='bbox 1020 2725 1217 2781; x_wconf 84' lang='lat' dir='ltr'><strong>vestigia,</strong></span> <span class='ocrx_word' id='word_1_277' title='bbox 1247 2738 1301 2767; x_wconf 91' lang='lat' dir='ltr'><strong>ex</strong></span> <span class='ocrx_word' id='word_1_278' title='bbox 1329 2725 1485 2780; x_wconf 85' lang='lat' dir='ltr'><strong>quibus</strong></span> <span class='ocrx_word' id='word_1_279' title='bbox 1515 2727 1619 2780; x_wconf 89' lang='lat' dir='ltr'><strong>quin</strong></span> <span class='ocrx_word' id='word_1_280' title='bbox 1646 2725 1756 2769; x_wconf 86' lang='lat' dir='ltr'><strong>fruc-</strong></span> 
     </span>
    </p>
   </div>
   <div class='ocr_carea' id='block_1_6' title="bbox 197 2797 1820 2854">
    <p class='ocr_par' dir='ltr' id='par_1_7' title="bbox 197 2797 1820 2854">
     <span class='ocr_line' id='line_1_36' title="bbox 197 2797 1820 2854; baseline 0.001 -14"><span class='ocrx_word' id='word_1_281' title='bbox 197 2801 288 2840; x_wconf 89' lang='lat' dir='ltr'><strong>tum</strong></span> <span class='ocrx_word' id='word_1_282' title='bbox 311 2797 538 2854; x_wconf 82' lang='lat' dir='ltr'><strong>quendam,</strong></span> <span class='ocrx_word' id='word_1_283' title='bbox 564 2797 976 2853; x_wconf 87' lang='lat' dir='ltr'><strong>quantuluscumque</strong></span> <span class='ocrx_word' id='word_1_284' title='bbox 990 2798 1090 2849; x_wconf 90' lang='lat' dir='ltr'><strong>erit,</strong></span> <span class='ocrx_word' id='word_1_285' title='bbox 1117 2797 1364 2854; x_wconf 86' lang='lat' dir='ltr'><strong>percepturi</strong></span> <span class='ocrx_word' id='word_1_286' title='bbox 1386 2798 1530 2852; x_wconf 85' lang='lat' dir='ltr'><strong>simus,</strong></span> <span class='ocrx_word' id='word_1_287' title='bbox 1560 2797 1758 2852; x_wconf 87' lang='lat' dir='ltr'><strong>equidem</strong></span> <span class='ocrx_word' id='word_1_288' title='bbox 1817 2831 1820 2833; x_wconf 84' lang='grc'>-</span> 
     </span>
    </p>
   </div>
   <div class='ocr_carea' id='block_1_7' title="bbox 199 2867 1759 2925">
    <p class='ocr_par' dir='ltr' id='par_1_8' title="bbox 199 2867 1759 2925">
     <span class='ocr_line' id='line_1_37' title="bbox 199 2867 1759 2925; baseline 0 -12"><span class='ocrx_word' id='word_1_289' title='bbox 199 2883 284 2914; x_wconf 92' lang='lat' dir='ltr'><strong>non</strong></span> <span class='ocrx_word' id='word_1_290' title='bbox 310 2869 474 2914; x_wconf 81' lang='lat' dir='ltr'><strong>dubito.</strong></span> <span class='ocrx_word' id='word_1_291' title='bbox 535 2868 621 2912; x_wconf 89' lang='lat' dir='ltr'><strong>Sed</strong></span> <span class='ocrx_word' id='word_1_292' title='bbox 651 2873 700 2912; x_wconf 89' lang='lat' dir='ltr'><strong>ut</strong></span> <span class='ocrx_word' id='word_1_293' title='bbox 725 2873 842 2913; x_wconf 89' lang='lat' dir='ltr'><strong>recte</strong></span> <span class='ocrx_word' id='word_1_294' title='bbox 858 2873 991 2925; x_wconf 90' lang='lat' dir='ltr'><strong>atque</strong></span> <span class='ocrx_word' id='word_1_295' title='bbox 1015 2868 1166 2913; x_wconf 90' lang='lat' dir='ltr'><strong>ordine</strong></span> <span class='ocrx_word' id='word_1_296' title='bbox 1182 2868 1479 2925; x_wconf 85' lang='lat' dir='ltr'><strong>procedamus,</strong></span> <span class='ocrx_word' id='word_1_297' title='bbox 1504 2883 1533 2912; x_wconf 90' lang='lat' dir='ltr'><strong>a</strong></span> <span class='ocrx_word' id='word_1_298' title='bbox 1554 2867 1759 2913; x_wconf 86' lang='lat' dir='ltr'><strong>Cicerone</strong></span> 
     </span>
    </p>
   </div>
   <div class='ocr_carea' id='block_1_8' title="bbox 199 2940 1760 3052">
    <p class='ocr_par' dir='ltr' id='par_1_9' title="bbox 199 2940 1760 3052">
     <span class='ocr_line' id='line_1_38' title="bbox 199 2940 1760 2998; baseline 0 -14"><span class='ocrx_word' id='word_1_299' title='bbox 199 2942 419 2985; x_wconf 85' lang='lat' dir='ltr'><strong>ordiamur</strong></span> <span class='ocrx_word' id='word_1_300' title='bbox 445 2953 621 2984; x_wconf 85' lang='lat' dir='ltr'><strong>necesse</strong></span> <span class='ocrx_word' id='word_1_301' title='bbox 649 2945 729 2984; x_wconf 87' lang='lat' dir='ltr'><strong>est.</strong></span> <span class='ocrx_word' id='word_1_302' title='bbox 786 2941 831 2985; x_wconf 85' lang='lat' dir='ltr'><strong>Is</strong></span> <span class='ocrx_word' id='word_1_303' title='bbox 846 2941 993 2998; x_wconf 66' lang='lat' dir='ltr'><strong>&#39;igitur</strong></span> <span class='ocrx_word' id='word_1_304' title='bbox 1020 2940 1277 2997; x_wconf 88' lang='lat' dir='ltr'><strong>ubicumque</strong></span> <span class='ocrx_word' id='word_1_305' title='bbox 1305 2941 1361 2985; x_wconf 90' lang='lat' dir='ltr'><strong>de</strong></span> <span class='ocrx_word' id='word_1_306' title='bbox 1384 2940 1625 2996; x_wconf 84' lang='lat' dir='ltr'><strong>Protagora</strong></span> <span class='ocrx_word' id='word_1_307' title='bbox 1652 2941 1760 2986; x_wconf 86' lang='lat' dir='ltr'><strong>alibi</strong></span> 
     </span>
     <span class='ocr_line' id='line_1_39' title="bbox 1468 3009 1528 3052; baseline 0 -16"><span class='ocrx_word' id='word_1_308' title='bbox 1468 3009 1528 3052; x_wconf 63' lang='lat'><strong>2*</strong></span> 
     </span>
    </p>
   </div>
  </div>
 </body>
</html>
