1945 3260
847 197 1134 236 -14-

206 302 367 347 auxilio
391 303 520 359 plane
549 304 746 349 destituti
774 305 1011 350 diiudicare
1036 319 1122 351 non
1150 319 1400 363 possumus;
1431 308 1509 353 sed
1536 312 1695 361 tamen,
1719 312 1768 354 ut

206 374 388 418 alteram
403 375 549 430 potius
567 376 802 432 amplectar
818 378 1087 435 sententiam,
1115 378 1192 422 illa
1211 392 1258 422 re
1283 378 1487 437 adducor,
1516 380 1632 436 quod
1652 393 1767 425 men-
1845 374 1866 394 ⁹

206 449 294 489 tem
321 459 401 502 pro
435 447 478 490 vi
513 453 671 504 agente
698 448 888 492 Thaletis
926 447 1198 494 introducere
1228 464 1305 494 cur
1347 464 1427 495 sua
1450 455 1609 508 ‚sponte
1637 465 1768 496 ausus

170 555 172 558 .
207 517 264 561 sit
289 516 458 570 Cicero,
499 519 618 562 nulla
645 533 777 564 causa
804 521 1042 577 probabilis
1072 522 1216 580 detegi
1242 526 1396 579 potest.
1456 522 1639 568 Causam
1668 535 1768 571 vero

206 589 431 633 doctrinae
452 590 712 647 depravatae
725 594 763 636 si
795 588 978 651 quaeris,
1007 594 1134 638 facile
1148 594 1250 638 inde
1275 598 1471 651 repetere
1488 599 1623 651 potes,
1654 595 1769 650 quod

205 661 301 704 aevi
330 662 582 717 posterioris
614 662 875 721 philosophi,
915 666 989 721 qui
1016 667 1156 721 prima
1195 666 1320 722 quasi
1347 665 1624 710 fundamenta
1650 666 1767 711 theo-

206 734 348 790 logiae
381 733 572 778 Graecae
609 736 821 789 iecerunt,
873 752 969 781 cum
1011 752 1064 782 ex
1103 738 1293 783 Thaletis
1331 739 1540 795 principio
1581 738 1769 782 divinum

207 804 414 860 quiddam
444 809 558 849 esset
587 807 838 864 eruendum,
869 809 1055 853 fortasse
1083 810 1315 853 secundum
1343 810 1628 866 Anaxagorae
1654 822 1767 853 men-

205 879 293 920 tem
323 876 407 920 vim
436 881 635 933 agentem
663 893 743 935 pro
771 884 913 924 mente
940 880 1150 925 habentes
1181 881 1307 925 deum
1339 894 1434 925 esse
1458 880 1767 937 perhibuerunt

205 947 261 991 ab
288 948 404 991 omni
433 962 586 1003 aquae·
602 951 898 995 coniunctione
927 966 1117 996 vacuum.
1443 1009 1445 1011 ‚

345 1019 471 1071 Quod
500 1033 629 1077 porro
658 1021 818 1080 Cicero,
844 1028 892 1067 ut
920 1023 1230 1068 Anaximandri
1258 1022 1311 1066 de
1337 1021 1467 1067 rebus
1494 1021 1648 1066 divinis
1678 1022 1764 1079 opi-

205 1091 376 1134 nionem
404 1091 652 1146 illustraret,
684 1098 904 1150 tamquam
933 1109 1013 1152 pro
1038 1096 1132 1139 face
1162 1093 1385 1139 candelam
1414 1092 1665 1150 accendens,
1696 1107 1768 1138 na-

205 1160 317 1205 tivos
333 1164 502 1206 tantum
530 1163 632 1207 deos
660 1166 820 1223 attulit,
851 1167 954 1210 dum
982 1163 1177 1224 ἀπείρου
1204 1165 1318 1209 illius
1334 1163 1494 1208 nullam
1522 1162 1628 1207 facit
1654 1177 1768 1208 men-

205 1234 379 1291 tionem,
409 1235 503 1280 iure
531 1237 759 1292 miramur;
788 1240 944 1283 etenim
969 1240 1025 1284 ab
1049 1238 1294 1294 Aristotele,
1322 1240 1497 1281 auctore
1525 1236 1679 1281 harum
1704 1248 1769 1281 re-

204 1319 301 1348 rum
330 1303 679 1364 locupletissime,
710 1309 949 1366 edocemur,
979 1312 1063 1366 ipsi
1092 1309 1272 1364 infinite,
1298 1308 1413 1363 quod
1434 1307 1625 1351 Milesius
1655 1308 1769 1351 vide-

207 1379 280 1420 tur
318 1378 536 1433 περιέχειν
576 1373 757 1423 ἅπαντα
786 1382 858 1424 καὶ
896 1378 1045 1426 πάντα
1083 1381 1305 1438 κυβερνᾶν
1343 1379 1417 1422 καὶ
1444 1373 1689 1422 ἀθάνατόν
1723 1394 1772 1423 τε

204 1444 316 1493 εἶναι
344 1450 417 1492 καὶ
446 1445 723 1509 ἀνώλεθρον
756 1453 937 1506 dixisse,
977 1454 1061 1498 vim
1089 1453 1232 1497 inesse
1261 1451 1468 1507 divinam,
1498 1463 1593 1494 cum
1623 1463 1769 1495 omnes

202 1534 274 1565 res
302 1525 347 1565 et
375 1535 429 1565 ex
458 1536 505 1566 se
534 1523 687 1580 gignat
715 1530 759 1569 et
786 1529 968 1570 moveat.
1025 1526 1175 1581 Neque
1203 1537 1302 1568 vero
1331 1522 1461 1567 aliam
1474 1521 1770 1567 Philodamum

202 1592 413 1636 rationem
428 1595 666 1640 instituisse
687 1596 732 1640 in
748 1597 1057 1642 Anaximandri
1072 1596 1302 1652 disciplina
1313 1592 1604 1649 memoranda,
1623 1607 1769 1649 quam—

204 1678 334 1720 quam
349 1666 513 1709 nullum
542 1671 684 1712 exstat
702 1668 1003 1726 fragmentum,
1031 1670 1076 1713 in
1106 1682 1190 1725 quo
1205 1668 1285 1711 niti
1315 1666 1541 1724 possimus,
1570 1679 1665 1710 cum
1690 1678 1770 1722 per

205 1750 251 1780 se
281 1741 348 1780 est
376 1739 617 1795 verisimile,
656 1744 747 1783 tum
778 1742 911 1785 ceteri
942 1741 1163 1785 declarant
1202 1742 1299 1795 post
1327 1737 1603 1781 Aristotelem
1629 1736 1766 1792 philo-

205 1809 330 1865 sophi
340 1842 352 1864 ,
394 1810 468 1863 qui
495 1814 539 1852 et
565 1811 652 1866 ipsi
687 1811 844 1855 infiniti
881 1813 1149 1855 divinitatem
1186 1810 1355 1853 silentio
1384 1812 1595 1865 premunt.
1649 1808 1769 1852 Illius

205 1880 319 1924 enim
347 1881 551 1938 principii
566 1885 778 1939 naturam,
810 1884 912 1938 quia
941 1887 1082 1927 mente
1110 1882 1282 1938 assequi
1298 1894 1383 1924 non
1408 1882 1621 1936 poterant,
1653 1879 1768 1923 nullo

205 1953 332 1997 modo
362 1953 631 1998 divinitatem
670 1955 984 1999 intellexerunt.
1044 1955 1337 1999 Philodemum
1374 1958 1517 1998 tamen
1545 1953 1649 1996 trita
1680 1953 1769 2009 opi-

204 2027 332 2070 nione
368 2026 531 2070 reiecta
568 2027 793 2071 rectiorem
822 2028 1066 2084 philosophi
1108 2027 1244 2071 nostri
1275 2025 1609 2082 intellegentiam
1639 2038 1767 2080 quae-

204 2099 368 2150 sivisse,
394 2099 518 2143 nobis
536 2113 665 2155 aegre
685 2100 1009 2156 persuademus,
1036 2100 1235 2155 quoniam
1251 2098 1377 2142 homo
1394 2096 1631 2154 Epicureus
1651 2096 1769 2140 haud

201 2172 266 2216 ita
294 2172 408 2215 ultra
433 2172 643 2215 sociorum
671 2173 894 2229 incuriam,
925 2173 1000 2228 qui
1028 2176 1195 2227 patrem
1225 2184 1347 2214 suum
1373 2169 1606 2226 Epicurum
1633 2169 1768 2213 secuti

202 2242 306 2300 fuga
338 2258 467 2299 quam
492 2244 716 2287 celerrima
742 2245 1101 2289 censebantomne
1131 2243 1350 2286 doctrinae
1363 2254 1498 2298 genus
1526 2254 1620 2285 esse
1645 2252 1767 2296 prae-

206 2305 534 2371 tervehendum,
571 2315 764 2359 evolasse
793 2315 1012 2373 putandus
1043 2318 1120 2359 est.
1180 2314 1261 2366 Qui
1290 2314 1423 2370 igitur
1450 2313 1578 2369 primi
1606 2311 1766 2356 theolo-

202 2388 301 2444 giae
316 2387 604 2432 Graecanicae
637 2387 907 2445 disciplinam
938 2387 1234 2439 condiderunt,
1264 2400 1360 2430 cum
1390 2385 1559 2430 divinae
1588 2388 1768 2429 naturae

202 2461 384 2517 vestigia
411 2462 456 2503 in
477 2461 786 2504 Anaximandri
810 2461 1007 2505 doctrina
1034 2460 1292 2504 rimarentur
1320 2462 1363 2502 et
1389 2458 1678 2513 anquirerent,
1704 2457 1767 2501 in·

203 2531 315 2576 finiti
345 2532 610 2576 divinitatem
652 2547 807 2589 parum
837 2533 1138 2589 intellegentes
1166 2532 1446 2576 libentissime
1474 2531 1642 2575 nativos
1671 2531 1767 2575 illos

204 2607 306 2651 deos
336 2607 631 2664 adripuerunt,
662 2621 769 2663 quos
799 2612 945 2652 noster
974 2606 1272 2663 philosophus,
1311 2619 1366 2650 ne
1391 2605 1609 2662 vulgarem
1635 2618 1767 2662 popu·

202 2680 358 2723 larium
383 2680 624 2734 opinionem
651 2681 777 2723 nimis
803 2680 1007 2731 laederet,
1034 2681 1098 2723 ita
1122 2678 1318 2734 servavit,
1345 2682 1395 2722 ut
1421 2691 1494 2721 eos
1523 2678 1569 2721 in
1596 2677 1767 2722 mundis

203 2751 585 2794 innumerabilibus
615 2765 668 2794 ex
697 2752 791 2807 ipso
821 2753 987 2796 infinito
1014 2753 1121 2796 ortis
1151 2752 1388 2795 collocaret.

339 2821 462 2864 Licet
500 2825 644 2865 autem
679 2823 766 2866 iam
794 2826 1001 2869 terminos
1039 2823 1144 2868 mihi
1186 2836 1411 2868 concessos
1440 2835 1639 2880 egressus
1674 2822 1768 2879 sim,

204 2893 376 2950 quando
397 2892 571 2949 quidem
589 2893 806 2940 Ciceronis
819 2897 1071 2942 relationem
1089 2910 1175 2941 non
1194 2908 1461 2953 percensere,
1493 2894 1570 2939 sed
1598 2892 1768 2953 8411)ὴί-

202 2966 360 3010 lodemi
394 2966 552 3012 librum
581 2965 753 3025 exigere
788 2969 892 3014 mihi
920 2973 987 3015 est
1010 2969 1297 3026 propositum,
1337 2967 1480 3015 facere
1508 2970 1654 3015 tamen
1681 2975 1767 3013 non
