1945 3260
814 181 1101 219 —11—

175 293 292 348 qued
314 293 360 336 in
390 290 698 346 conscribenda
729 290 1080 347 philosophorum
1105 300 1288 335 censura
1317 289 1565 335 Ciceronem¹
1590 289 1730 334 Philo·-

174 363 289 410 demi
315 362 500 421 vestigia
526 365 718 409 secutum
741 375 836 408 esse
866 360 1088 408 contendo.
1148 361 1351 407 Attamen
1364 362 1520 407 sinceri
1548 364 1617 407 est
1639 361 1731 406 auf·
1758 409 1761 412 ,

171 437 243 488 mi,
272 435 319 478 id
347 448 516 490 quoqne
538 434 740 491 proferre,
770 435 885 489 quod
911 447 1015 478 sane
1030 435 1269 478 sententiae
1297 438 1470 478 nostrae
1487 422 1740 492 repugnafe

173 507 354 564 videtur,
379 505 457 550 sed
484 506 531 550 in
558 509 680 552 tanto
696 506 919 562 utriusque
937 507 1159 563 scriptoris
1174 518 1386 551 consensu
1403 508 1567 564 reliquo
1590 519 1732 565 paene

173 578 335 621 nullum
372 578 512 623 habet·
535 579 716 635 pondus.
782 578 891 621 Mire
932 580 1046 621 enim
1085 578 1232 622 Cicero
1267 579 1438 623 Prodici
1466 579 1542 623 Cei
1576 581 1622 623 in
1655 580 1732 623 illa

173 650 437 707 expositione
465 651 636 707 quidem
664 650 824 695 nullam
854 648 957 694 fecit
984 650 1255 703 men-tionem,
1288 649 1364 695 sed
1392 654 1548 708 postea
1574 653 1614 707 ξ.
1647 651 1729 695 118

173 722 219 766 in
247 717 399 766 Cottae
428 722 619 766 oratione
648 723 740 766 eius
770 723 1026 766 sententiam
1055 723 1232 779 prefert,
1262 736 1357 766 cum
1390 722 1508 778 apud
1535 722 1730 766 Philode->

173 808 300 851 mum,
331 794 538 849 siquidem
566 794 680 850 quod
697 794 983 851 fragmentum
1010 809 1081 851 pg.
1109 798 1177 840 71.
1209 799 1271 838 60.
1294 809 1323 838 v
1350 798 1376 838 3
1397 808 1459 850 sq.
1489 793 1647 852 legitur
1668 794 1732 838 ad

174 866 266 910 eius
295 865 564 921 disciplinam
595 869 663 910 est
688 866 976 918 referendum,
1014 865 1124 910 Ceus
1152 866 1353 910 idoneum
1377 870 1558 922 occupet
1579 866 1730 912 locum.

172 937 259 982 Cur
286 940 431 982 autem
452 936 602 982 Cicero
630 937 822 982 ordinem
852 937 908 983 ab
938 941 1113 982 auctore
1141 951 1218 982 suo
1247 938 1563 994 praescriptum
1591 938 1731 994 negle-

172 1010 296 1065 xerit,
323 1009 459 1053 libere
486 1009 624 1053 fateor
652 1010 813 1053 nullam
834 1023 904 1053 me
928 1010 1121 1066 potuisse
1141 1013 1288 1066 aptam
1312 1023 1487 1055 causam
1510 1009 1732 1067 indagare.
1785 1021 1791 1027 ’

172 1080 280 1125 Nam
294 1081 539 1125 Heraclitus
561 1096 637 1125 eur
662 1082 708 1125 in
721 1081 939 1126 Ciceronis
968 1081 1176 1125 relatione
1195 1095 1372 1137 prorsus
1402 1082 1448 1124 in
1477 1081 1732 1125 oblivionem

172 1154 328 1199 abierit
341 1189 350 1205 ,
394 1154 507 1197 infra
540 1167 619 1197 suo
658 1154 751 1198 loco
790 1153 1007 1209 proferam
1047 1167 1201 1197 causas
1242 1165 1336 1197 meo
1367 1152 1538 1209 quidem
1573 1152 1732 1196 iudicio

172 1224 290 1269 haud
319 1225 637 1282 improbabiles.

804 1341 1113 1349 ———

920 1526 989 1581 B.

312 1665 381 1709 Ita
420 1665 607 1723 ratione,
645 1679 756 1721 quae
788 1667 903 1710 inter
936 1667 1229 1711 Philodemum
1258 1669 1303 1710 et
1329 1665 1576 1710 Ciceronem
1605 1665 1734 1708 inter-

173 1736 298 1789 cedit,
328 1736 547 1794 patefacta
562 1737 708 1794 plures
724 1739 849 1783 nobis
865 1742 1101 1797 suppetunt
1119 1752 1288 1795 causae,
1318 1738 1474 1794 quibus
1501 1737 1559 1781 ad
1586 1748 1733 1781 eorum

173 1809 442 1853 narrationes
480 1809 592 1854 inter
633 1823 680 1854 se
718 1810 997 1856 conferendas
1034 1811 1303 1868 impellimur.
1365 1810 1555 1854 Primum
1589 1813 1735 1861 tamen

173 1882 219 1925 in
256 1881 521 1938 expositione
557 1882 836 1927 Ciceroniana
871 1884 1075 1927 nonnulla
1105 1887 1226 1939 sunt,
1266 1896 1378 1938 quae
1407 1882 1605 1938 quoniam
1637 1894 1733 1938 gra-

172 1953 296 1998 vibus
317 1953 589 1997 librariorum
617 1955 785 1999 mendis
810 1956 873 1998 ita
899 1960 1000 1999 sunt
1025 1955 1276 2011 deformata,
1304 1957 1354 1997 ut
1378 1954 1488 1997 satis
1519 1953 1733 2005 distincte,

181 2038 292 2080 quae
319 2025 510 2082 priorum
541 2029 731 2070 aetatum
757 2026 1000 2084 philosophi
1030 2026 1241 2072 de·rebus
1259 2025 1415 2070 divinis
1438 2024 1734 2081 iudicaverint,

173 2095 365 2152 intellegi
394 2106 480 2139 non
510 2098 658 2153 possit,
689 2086 979 2142 emendatriee
1006 2113 1137 2142 manu
1165 2098 1401 2155 indigeant.
1460 2098 1615 2153 Itaque
1644 2098 1733 2141 ani-

174 2181 242 2212 mo
271 2167 514 2224 gratissimo
542 2169 793 2225 accipienda
820 2174 939 2223 sunt,
978 2184 1088 2227 quae
1113 2161 1286 2215 fortuna
1316 2168 1373 2213 ad
1402 2167 1607 2212 tenebras
1635 2167 1733 2212 illas

175 2239 465 2284 discutiendas
495 2241 617 2285 nobis
646 2242 905 2300 suppeditat.
964 2243 1057 2295 Quo
1082 2242 1269 2300 accedit,
1307 2240 1422 2297 quod
1454 2240 1573 2284 illam
1600 2240 1735 2297 expli-

175 2312 386 2356 cationem
428 2312 530 2356 olim
573 2314 618 2356 in
656 2314 710 2358 iis
746 2315 1084 2372 quaestionibus,
1125 2328 1236 2370 quae
1265 2316 1464 2370 spectant
1499 2313 1557 2357 ad
1586 2313 1734 2356 mundi

175 2383 409 2441 principia,
451 2383 698 2440 frequenter
738 2387 794 2431 ab
840 2384 1054 2430 historicis
1093 2387 1262 2442 priscae
1299 2384 1601 2442 philosophiae
1640 2398 1735 2429 esse

96 2498 105 2506 ,
176 2459 455 2501 memoratam
498 2460 688 2518 constat,
728 2458 953 2515 ipsumque
989 2458 1237 2503 Ciceronem
1275 2458 1403 2503 modo
1448 2460 1601 2501 testem
1639 2469 1735 2501 esse

177 2527 435 2581 adhibitum,
475 2530 602 2574 modo
634 2534 812 2588 propter
853 2532 1005 2576 nimios
1043 2545 1209 2576 errores
1247 2526 1379 2576 etiam
1417 2525 1733 2586 reprehensum.

177 2599 320 2644 Facile
355 2604 499 2645 autem
532 2601 681 2659 hodie,
728 2607 933 2658 quantum
972 2617 1050 2660 per
1089 2603 1291 2648 miseram
1335 2602 1435 2647 libri
1470 2601 1732 2645 Philodemei

178 2672 467 2716 condicionem
493 2672 613 2725 licet,
655 2675 882 2719 diiudicari
921 2677 1075 2732 potest,
1116 2666 1244 2731 quam
1273 2673 1402 2717 fidem
1432 2672 1627 2716 Ciceroni
1656 2687 1734 2716 nos

177 2744 338 2798 habere
366 2748 575 2809 oporteat,
605 2761 658 2793 ac
685 2749 940 2805 praesertim
966 2748 1106 2804 ipsine
1136 2761 1305 2792 errores
1329 2745 1605 2791 adscribendi
1636 2746 1733 2798 sint,

178 2827 236 2862 'an
262 2814 510 2862 Philodemo
543 2821 722 2864 auctori.
780 2821 921 2877 Atque
954 2820 1063 2865 haec
1099 2821 1316 2877 quaestio,
1356 2833 1467 2876 quae
1506 2819 1735 2876 diligenter

180 2892 479 2947 pertractetur,
508 2900 601 2934 cum
630 2893 813 2937 maxime
842 2895 991 2937 nostra
1018 2895 1163 2937 aetate
1191 2896 1258 2937 est
1285 2891 1435 2948 digna,
1479 2891 1581 2946 quia
1608 2890 1735 2935 valde

178 2959 365 3006 Virorum
404 2962 624 3008 doctorum
664 2966 781 3022 viget
814 2966 1004 3010 studium
1039 2965 1094 3010 de
1123 2965 1338 3010 Ciceronis
1370 2963 1572 3008 laudibus
1603 2975 1732 3019 quam
