1945 3260
832 249 1124 294 —89—

194 362 417 419 sententia,
446 364 527 408 esti
550 363 606 408 de
629 364 758 409 astris
784 369 897 410 certo
926 369 1104 423 constat,
1128 369 1219 410 tam
1247 366 1358 411 mira
1382 372 1462 426 est,
1488 373 1536 413 ut
1558 368 1749 415 dubitem

192 433 409 492 equidem,
433 448 536 492 num
565 434 717 482 Stoicis
745 441 860 484 reete
888 437 1137 483 vindicetur.

329 535 480 592 Neque
499 540 641 584 tamen
671 538 781 597 ideo,
810 538 922 595 quod
950 552 1074 584 nemo
1099 544 1333 603 ceterorum
1358 540 1607 598 scriptorum
1634 542 1749 587 idem

191 615 511 668 commemorat,
548 612 597 656 R.
634 611 866 656 Kuehnero
892 612 1083 669 protinus
1108 612 1429 659 assentiendum
1455 619 1542 671 est,
1576 616 1622 659 in
1649 629 1748 672 ger-

191 680 362 725 manica
396 694 474 725 sua
513 682 717 727 librorum
739 672 811 727 Ὺ(16
849 677 1004 727 natura
1040 683 1219 728 deorum
1249 684 1598 742 interpretatione
1638 686 1748 730 iudi·

189 752 317 809 canti,
347 749 425 796 hoc
460 754 661 810 placitum
698 768 783 799 non
816 755 1074 812 genuinum,
1123 755 1200 799 sed
1237 754 1422 800 Phaedri
1462 755 1746 814 (Philodemi)

189 836 301 881 esse,
340 817 413 880 qui
444 826 544 869 solis
574 830 617 870 ct
644 827 773 870 lunae
801 826 1071 871 divinitatem
1100 831 1259 871 temere
1288 827 1347 871 ad
1376 828 1610 872 eorundem
1634 829 1745 873 side-

188 887 284 940 rum
314 897 514 941 circuitus
542 899 839 954 transtulisset,
879 898 954 942 sed
983 898 1124 955 potius
1151 897 1258 942 illud
1287 898 1532 956 vestigium,
1559 900 1674 954 quod
1701 901 1747 944 in

187 968 421 1013 Philodemi
468 970 603 1026 ipsius
646 964 757 1015 libro
794 970 1174 1027 deprehendimus,
1219 983 1298 1014 nos
1331 971 1533 1026 persequi
1571 976 1746 1027 oportet.

186 1041 253 1099 De
277 1039 515 1096 Chrysippo
537 1041 650 1084 enim
679 1041 903 1097 disputans
941 1055 1012 1097 pg.
1043 1042 1111 1084 79.
1141 1054 1182 1084 v.
1213 1042 1240 1084 8
1260 1053 1321 1095 sq.
1351 1053 1489 1095 neque
1516 1040 1621 1084 deos
1649 1054 1745 1085 esse

185 1112 288 1156 dicit
302 1124 444 1156 mares
462 1125 599 1167 neque
625 1112 823 1168 feminas,
853 1112 977 1156 sicuti
1007 1126 1087 1156 nec
1117 1112 1248 1157 urbes
1273 1126 1353 1157 1166
1378 1113 1581 1169 virtutes;
1612 1113 1744 1170 signi·

184 1184 302 1227 ficari
346 1188 511 1227 tantum
549 1184 674 1227 modo
712 1197 870 1241 genere
898 1184 1133 1228 masculino
1160 1188 1203 1228 et
1230 1184 1435 1228 feminino
1462 1176 1604 1228 ταῦτὰ
1633 1181 1745 1229 ὄντα

183 1250 387 1312 καθάπερ
403 1250 603 1312 Σελήνην
623 1256 696 1298 καὶ
712 1257 853 1312 Μῆνα.
876 1255 1032 1311 quibus
1059 1269 1114 1299 ex
1133 1255 1280 1300 verbis
1299 1269 1396 1299 cum
1419 1255 1537 1300 clare
1565 1257 1745 1313 eluceat,

184 1343 212 1371 a
241 1328 478 1384 Chrysippo
515 1329 642 1371 lunae
678 1328 885 1371 ambitum
924 1328 969 1370 in
999 1328 1175 1372 deorum
1204 1341 1383 1371 numero
1412 1340 1508 1371 esse
1538 1328 1743 1385 habitum,

183 1412 267 1443 non
297 1398 562 1455 dubitamus,
601 1399 703 1454 quin
729 1398 816 1442 iam
846 1399 962 1443 Zeno
990 1398 1104 1443 idem
1129 1399 1330 1443 docuerit.
1388 1398 1642 1443 Rectissime
1667 1413 1742 1444 au-

182 1476 281 1527 tem,
312 1470 348 1515 si
365 1470 586 1515 doctrinae
602 1475 691 1514 tam
713 1470 932 1515 inauditae
961 1483 1137 1515 causam
1150 1469 1407 1528 quaerimus,
1437 1484 1535 1516 eam
1554 1471 1741 1529 explicat

182 1543 365 1587 Krische
399 1544 426 1587 l.
457 1556 492 1586 c.
523 1557 592 1599 pg.
624 1543 730 1598 389,
769 1542 843 1587 ubi
872 1544 955 1587 ait:
1012 1543 1093 1600 „Je
1126 1543 1248 1587 mehr
1274 1542 1346 1587 die
1376 1543 1559 1588 stoiscbe
1587 1544 1742 1589 Schule

180 1616 338 1659 darauf
362 1615 560 1671 ausging,
590 1614 661 1658 die
682 1614 951 1671 Wirkungen
981 1615 1124 1658 dieser
1150 1615 1323 1671 Kbrper
1350 1614 1450 1672 (der
1479 1616 1621 1659 Sonne
1650 1616 1738 1659 und

179 1688 256 1732 des
269 1686 460 1739 Mondes)
480 1700 533 1729 zu
550 1685 781 1742 verfolgen,
810 1699 883 1729 um
910 1686 1135 1742 gottliches
1155 1686 1302 1731 Leben
1333 1686 1470 1731 durch
1499 1682 1572 1731 die
1599 1701 1739 1744 ganze

179 1760 291 1803 Welt
331 1772 384 1802 zu
421 1758 678 1814 verbreiten,
716 1771 789 1802 um
819 1772 866 1802 so
894 1759 1152 1804 naturlicher
1180 1773 1273 1804 war
1303 1772 1351 1804 es
1378 1759 1468 1816 ihr,
1504 1759 1575 1804 die
1604 1759 1740 1804 Jahre

178 1830 266 1875 und
295 1830 588 1890 Jahreszeiten
627 1830 716 1873 und
751 1830 821 1874 (116
864 1830 1035 1874 Monate
1073 1831 1139 1874 als
1176 1830 1459 1887 regelmassig
1493 1830 1740 1888 erfolgende

179 1902 380 1948 Umliiufe
410 1902 488 1946 der
518 1901 659 1946 Sonne
688 1901 777 1946 und
807 1902 885 1946 des
914 1901 1092 1946 Mondes
1121 1902 1175 1947 z'u
1204 1902 1490 1960 verglitternf‘

316 2001 439 2055 Quod
466 2002 524 2045 ad
551 2002 762 2046 Aristonis
790 1995 1030 2047 doctrinam
1068 2003 1245 2060 adtinet,
1281 2018 1367 2048 non
1398 2008 1475 2060 est,
1504 2016 1582 2048 eur
1611 2003 1655 2046 in
1685 2017 1739 2047 ea

176 2076 351 2131 longum
376 2078 542 2130 tempus
577 2078 776 2128 teramus,
804 2074 906 2130 qiua
936 2088 1073 2130 neque
1096 2075 1332 2121 Philodemi
1362 2075 1460 2120 libri
1490 2075 1737 2132 fragmenta

176 2146 299 2190 nobis
328 2159 452 2202 opem
480 2145 623 2190 ferunt
628 2180 641 2202 ,
679 2159 816 2201 neque
847 2146 903 2190 ab
930 2147 1016 2191 ullo
1046 2147 1132 2191 alio
1164 2148 1368 2205 scriptore
1396 2146 1571 2202 antiquo
1597 2146 1652 2190 de
1682 2146 1737 2190 iis

177 2218 407 2274 sententiis,
435 2231 543 2272 quas
569 2217 716 2262 Cicero
744 2218 909 2275 adtulit,
933 2219 1168 2275 quidquam
1193 2219 1426 2264 erudimur.

315 2304 615 2348 Verumtamen
632 2304 827 2349 omnibus
854 2306 1019 2363 ceteris,
1047 2320 1160 2363 quae
1188 2306 1243 2352 de
1269 2305 1341 2350 illo
1369 2304 1618 2362 philosopho
1648 2308 1732 2348 tra-

175 2377 344 2432 duntur,
382 2376 648 2420 considerate
675 2378 898 2434 perpensis
927 2379 1157 2423 verisimile
1186 2378 1309 2423 nobis
1337 2377 1527 2433 videtur,
1571 2377 1731 2420 Aristo·

175 2461 273 2493 nem
296 2448 375 2492 hoc
401 2447 609 2505 docuisse,
642 2449 687 2493 in
720 2449 922 2507 physicis,
952 2464 1062 2507 quac
1092 2455 1262 2509 captum
1291 2456 1497 2495 nostrum>
1511 2449 1735 2505 excedant,

174 2521 347 2566 omnino
375 2521 482 2566 nihil
511 2522 612 2566 certi
641 2523 913 2577 maximeque
937 2523 1041 2568 deos
1072 2538 1157 2568 non
1184 2536 1309 2581 posse
1337 2522 1555 2580 cognosci,
1590 2522 1651 2565 ita
1685 2525 1732 2565 ut

174 2596 220 2638 in
248 2594 464 2638 Ciceronis
501 2594 764 2649 expositione
804 2595 1044 2640 doctrinam
1081 2610 1167 2641 non
1194 2595 1457 2652 adgnoscam
1484 2594 1732 2651 genuinam,

176 2667 252 2711 sed
293 2667 503 2724 sapientia
531 2667 744 2723 Epicurea
785 2668 1000 2713 infectam.
1056 2669 1207 2723 Neque
1245 2681 1346 2713 vero
1380 2667 1607 2723 (1616116616
1641 2665 1730 2721 qui,

173 2752 285 2794 quae
310 2739 450 2784 adhuc
480 2739 726 2795 singulatim
756 2739 811 2783 de
839 2740 936 2785 libri
958 2740 1219 2786 Philodemei
1249 2740 1335 2786 fide
1363 2739 1554 2796 exposui,
1577 2738 1731 2794 adpro-

173 2814 350 2876 baverit,
381 2826 449 2856 me
465 2812 790 2857 malevolentiae
809 2818 886 2857 aut
902 2813 1093 2858 invidiae
1109 2813 1387 2869 insimulabit,
1409 2811 1525 2868 quod
1544 2810 1728 2856 eundem

171 2886 241 2930 vel
269 2885 362 2930 eius
397 2890 610 2930 auctorem
639 2899 774 2943 arguo
781 2920 794 2942 ,
828 2899 914 2931 non
942 2886 1151 2931 sinceram
1179 2885 1391 2932 Aristonis
1418 2883 1727 2930 confessionem

173 2958 396 3015 rettulisse,
430 2958 506 3002 sed
535 2972 630 3003 fflm
660 2959 723 3003 sic
751 2959 1013 3016 immutasse,
1044 2959 1102 3004 ad
1129 2959 1299 3005 scholae
1330 2970 1436 3003 suae
1463 2956 1651 3012 modum,
1680 2961 1728 3003 ut

93 3050 100 3088 2.
122 3030 295 3078 1116111
333 3031 521 3078 maxime
556 3032 823 3090 necessaria,
857 3032 1041 3079 formam
1079 3032 1177 3079 dieo
1204 3032 1438 3082 humanam
1472 3034 1516 3076 et
1540 3042 1727 3087 8911811111,
