1945 3260
353 299 550 345 Proxime
577 287 777 357 seqnitur*
797 299 1081 355 Democritus,
1109 300 1164 344 de
1183 300 1275 356 quo
1290 299 1463 360 quidem
1490 300 1538 345 in
1563 299 1773 357 fragmen·

213 373 271 416 tis
297 371 456 416 nostris
483 386 552 428 pg.
585 376 656 416 69,·
683 372 759 416 ὀᾶ.
788 386 853 416 vv.
887 376 912 415 7
920 377 1043 415 -11.
1083 372 1271 428 quinque
1297 385 1444 417 versus
1472 372 1633 429 integ-ri
1659 372 1770 416 inve-

211 444 405 501 niuntur,
433 444 507 499 qui
534 444 758 501 perspicue
783 457 836 488 ex
861 444 915 489 iis
944 438 1078 502 sunt,
1101 457 1212 501 quae
1241 442 1515 489 Philodemus
1545 444 1601 489 de
1628 443 1769 489 Abde-

210 517 294 560 rite
322 520 589 573 exposuerat,
615 517 752 561 libere
779 520 925 560 tamen
953 516 1092 560 fateor
1111 517 1310 572 equidem
1328 530 1397 560 me
1420 516 1584 560 nullum
1611 517 1767 560 doctri·

210 601 294 632 nae
320 587 612 632 Democriteae
638 575 864 645 vestigium
894 587 939 630 in
967 587 1035 631 his
1059 588 1200 632 verbis
1229 587 1438 645 indagare
1467 589 1672 645 potuisse,
1704 589 1767 632 ita

209 664 270 711 nt,
302 660 338 702 si
368 659 472 715 quid
500 672 528 703 a
555 658 762 703 Cicerone
800 659 860 703 ad
896 659 1159 703 intellectum
1195 659 1418 703 obsmrius
1450 660 1659 703 traditum
1697 661 1766 716 sit,

210 731 381 776 nullum·
398 731 498 775 hinc
523 732 685 776 adferri
709 732 848 788 possit
871 731 1014 775 lumen
1027 735 1072 785 ¹).
1130 730 1250 775 Haec
1279 731 1443 775 seilicet
1478 732 1597 788 apud
1626 731 1765 776 Philo-

207 805 375 858 demum
402 804 603 860 legimus:
824 835 835 846 .
865 837 874 847 .
905 835 915 846 .
946 803 1006 845 δι·
1068 794 1076 808 “

203 895 207 901 ·
264 880 299 919 7.
328 871 355 918 ὸ
380 872 433 932 δὴ
460 875 532 918 καὶ
561 871 614 918 τὸ
642 872 812 932 ἐξεργα-
1059 879 1096 918 9.
1125 874 1346 931 σέβεσθαι,
1371 871 1429 918 ου’
1459 875 1605 930 φαῖνε·

260 951 301 990 8.
330 941 514 1003 ζόμενον
540 941 728 1003 γνόντας
1032 951 1098 989 10.
1127 961 1201 989 ται
1233 941 1272 989 ‹5'
1296 944 1391 1003 ἐμοὶ
1420 943 1635 1003 Δημόκρι·

1034 1023 1098 1061 11.
1128 1033 1208 1070 τος
1235 1012 1387 1075 ὥσπερ
1416 1016 1528 1062 ἔνιοι
1555 1014 1637 1063 τὸν
1658 1045 1708 1050 ---
1779 1048 1782 1053 -

344 1103 515 1159 Optime
547 1103 679 1159 igitur
715 1103 839 1147 nobis
878 1102 1037 1147 accidit
1074 1103 1313 1148 doctrinam
1350 1104 1493 1161 ipsam
1523 1104 1767 1148 examinan-

170 1204 174 1207 -
206 1175 334 1225 tibus,
364 1179 414 1218 ut
442 1176 486 1218 in
516 1170 676 1218 nullam
710 1174 801 1218 fere
831 1173 1129 1231 difficultatem
1157 1174 1417 1227 incidamus,
1460 1175 1544 1218 nisi
1571 1175 1687 1231 quod
1715 1189 1766 1218 eo

206 1244 479 1295 offendimur,
522 1246 636 1301 quod
667 1245 933 1289 Democritus
969 1246 1308 1302 intellegentiam
1347 1246 1654 1301 scientiamque
1692 1260 1765 1289 no-

207 1323 341 1360 stram
366 1317 411 1359 in
442 1316 617 1359 deorum
641 1330 862 1377 numerum
891 1316 1035 1360 refert.
1095 1316 1286 1360 Tametsi
1318 1319 1431 1360 enim
1460 1316 1572 1360 banc
1599 1307 1763 1361 senten—

205 1388 309 1431 tiam
338 1387 394 1432 ab
424 1387 521 1430 aliis
552 1400 720 1443 quoque
749 1387 1028 1443 scriptoribus
1067 1387 1274 1431 traditam
1313 1393 1408 1431 cuni
1445 1391 1539 1431 tota
1575 1389 1764 1433 auctoris

203 1460 371 1503 ratione
408 1472 585 1515 prorsus
624 1460 847 1503 convenire
882 1459 1166 1504 concedamus
1205 1472 1381 1504 necesse
1418 1464 1502 1511 est,
1542 1460 1763 1504 nobiseum

204 1534 472 1587 reputantes,
502 1530 687 1574 animam
717 1535 910 1574 nostram
938 1536 1117 1576 eatenus
1142 1531 1331 1575 divinam
1359 1532 1445 1575 dici
1471 1545 1620 1588 posse,
1661 1546 1762 1587 qua·

203 1608 328 1646 tenus
357 1616 410 1645 ex
438 1601 592 1644 atomis
623 1606 788 1645 constet
819 1602 977 1658 igneiS,
1010 1607 1174 1653 tamen,
1217 1616 1294 1646 cur
1323 1602 1523 1646 fortunae
1558 1603 1764 1646 invidiam

204 1686 536 1729 conqueramur,
573 1672 846 1718 nibilominus
892 1662 1119 1729 habemus,
1157 1686 1343 1729 namque
1386 1672 1517 1717 dictio
1553 1674 1599 1716 in
1636 1673 1763 1717 buius

203 1746 424 1789 doctrinae
447 1746 712 1800 expositione
742 1749 831 1788 tam
859 1746 1042 1790 obscura
1071 1749 1138 1789 est
1163 1751 1217 1789 et.
1236 1749 1453 1800 contorta,
1491 1749 1541 1788 ut
1569 1745 1761 1789 libentis·

202 1818 308 1861 sime
337 1816 574 1861 Philodemi
603 1816 740 1874 ipsius
770 1817 902 1862 verba
930 1817 1248 1874 inspiceremus.
1307 1815 1418 1861 Vide
1445 1816 1595 1868 modo,
1633 1830 1761 1873 quam

205 1891 437 1946 depravate
475 1889 624 1933 Cicero
662 1889 819 1934 dixerit
849 1890 1093 1947 „imagines
1133 1903 1365 1946 earumque
1405 1889 1608 1934 circuitus
1616 1891 1640 1914 “
1681 1903 1760 1946 pro

202 1965 437 2020 „imagines
476 1963 813 2006 circumeuntes“
851 1967 896 2007 et
934 1963 1185 2019 „scientiam
1227 1962 1648 2019 intellegentiamque
1688 1976 1759 2006 no-

202 2036 361 2079 stram“
392 2047 473 2090 pro
501 2034 716 2090 „animum
736 2038 929 2079 nostrum
956 2035 1160 2088 scientem
1184 2033 1603 2090 etintellegentem.“
1630 2033 1761 2077 Cuius

201 2107 466 2151 distortionis
495 2107 664 2161 culpam
694 2119 782 2150 non
810 2107 983 2163 linguae
1011 2108 1148 2151 solum
1177 2106 1492 2162 quodammodo
1517 2107 1635 2162 inopi
1666 2120 1760 2149 nee-

201 2179 302 2224 dum
329 2179 386 2223 ad
411 2192 481 2223 res
512 2178 757 2223 subtiliores
787 2178 1086 2235 exprimendas
1116 2179 1333 2231 subactae,
1364 2177 1441 2222 sed
1466 2178 1595 2222 etiam
1624 2178 1761 2235 ipsius

201 2251 354 2294 Graeci
377 2250 566 2293 auctoris
591 2251 774 2292 orationi
803 2250 1119 2306 adsignandam
1149 2245 1264 2302 esse,
1306 2250 1433 2292 facile
1459 2248 1760 2305 intellegimus,

202 2321 456 2378 praesertim
487 2321 523 2364 si
550 2320 872 2379 perpendimus,
894 2326 1057 2378 quanta
1084 2334 1251 2377 semper
1277 2320 1409 2364 fuerit
1435 2319 1622 2376 Epicuro
1653 2321 1761 2364 eius·

202 2408 284 2450 que
312 2393 593 2437 sectatoribus
633 2407 756 2445 cura,
798 2393 1096 2438 utderiderent
1133 2392 1368 2437 Democriti
1407 2392 1665 2444 doctrinam,
1709 2406 1762 2436 ne

203 2466 291 2510 ulla
319 2466 612 2522 necessitudo,
647 2479 774 2521 quam
813 2480 906 2510 cum
948 2480 998 2511 eo
1038 2467 1184 2522 utique
1215 2465 1456 2519 habebant,
1497 2466 1761 2510 intercedere

198 2538 424 2584 videretur,

338 2625 433 2670 Jam
456 2624 594 2682 nobis,
621 2629 851 2682 antequam
881 2624 941 2670 ad
960 2624 1194 2682 Diogenem
1213 2623 1514 2681 Apolloniaten
1542 2626 1760 2680 transgre-

201 2699 380 2761 diamur,
416 2699 490 2753 qui
517 2697 634 2754 apud
661 2697 907 2742 Ciceronem
937 2697 1082 2741 statim
1111 2697 1270 2753 excipit
1299 2694 1600 2748 Democritum,
1628 2697 1760 2740 Hera-

285 2907 288 2910 Δ
342 2852 368 2897 ¹)
414 2849 546 2900 Aegre
574 2853 678 2909 carui
710 2851 923 2900 Gomperzii
949 2852 1063 2890 tertia
1091 2852 1292 2890 Herculan.
1317 2851 1528 2889 studiorum
1552 2854 1662 2898 parte
1683 2851 1757 2887 iam

200 2914 290 2961 ante
314 2913 383 2949 hos
404 2913 570 2959 quinque
594 2915 932 2961 annospromissa,
957 2924 1053 2960 quae
1080 2914 1385 2950 commentarium
1409 2913 1576 2950 criticum
1606 2917 1644 2950 et
1669 2922 1755 2949 exe-

196 2971 362 3019 geticum
388 2973 427 3010 in
450 2972 545 3010 baec
567 2973 781 3021 fragmenta
799 2975 1047 3021 compositum
1072 2973 1292 3011 continebit.
