1945 3260
853 219 909 233 -.
970 198 1029 243 18
1087 218 1152 234 ...a
1183 219 1188 223 ›

213 312 303 358 sius
331 324 410 367 per
447 310 798 367 „discriptionem
822 312 867 353 et
893 307 1093 355 modum“
1121 307 1323 352 reddidit.
1354 331 1413 340 -—
1442 307 1567 360 Quod
1596 307 1779 363 denique

211 382 489 427 Philodemus
518 381 714 438 tradidit,
738 383 849 425 νοῦν
879 380 960 436 (sic
988 379 1198 436 Gomperz
1227 381 1425 424 lacunam
1450 378 1687 437 supplevit)
1715 394 1780 435 γε·

211 454 391 512 γονέναι
406 469 455 498 τε
474 453 549 497 καὶ
570 449 681 498 εῶαι
707 453 781 496 καὶ
810 450 1003 509 ἔσεσθαι,
1030 453 1111 496 etsi
1140 466 1266 496 nemo
1295 465 1380 496 non
1406 452 1536 508 videt,
1564 465 1642 507 per
1657 449 1779 499 nimi-

212 540 284 571 am
319 526 548 570 verborum
576 524 899 580 profluentiam‚
938 537 1049 579 quae
1080 528 1123 567 et
1155 524 1201 567 in
1230 524 1471 567 Philodemi
1499 524 1635 579 ipsius
1665 525 1709 566 et
1736 522 1781 565 in

213 598 395 642 aliorum
409 597 716 654 Epicureorum
742 596 914 652 scriptis
942 595 1171 651 reperitur,
1201 608 1254 638 ea
1284 595 1338 638 de
1358 595 1514 640 mentis
1526 593 1782 638 aeternitate

215 669 332 713 dicta
366 683 484 727 esse,
521 667 779 716 monendum
805 670 949 711 tamen
985 670 1068 719 est,
1107 680 1136 710 a
1159 666 1276 710 nullo
1312 668 1520 723 scriptore
1556 666 1641 711 alio
1671 664 1783 709 hanc

212 755 305 794 rem
330 742 462 787 menti
491 741 635 787 tribui.
1255 750 1259 756 “

361 842 604 898 Paullisper
630 843 775 884 autem
802 840 847 882 in
865 839 1134 883 Alcmaeonis
1153 816 1427 891 Crotoniatae
1442 838 1657 894 theologia
1673 849 1783 880 com-

215 913 395 964 morati,
427 912 481 957 de
510 926 597 969 qua
624 911 874 955 Philodemo
902 910 1066 954 nullnm
1093 910 1216 954 nobis
1244 910 1592 965 fundamentum,
1621 909 1666 951 in
1696 920 1782 963 quo

216 983 297 1026 niti
326 983 591 1039 firmiterque
619 984 819 1026 insistere
849 982 1077 1038 possimus,
1100 981 1336 1036 praebente
1366 980 1471 1023 nihil
1495 979 1783 1024 admonuisse-

218 1067 336 1110 mus,
370 1054 456 1097 nisi
487 1054 636 1098 Cicero
666 1053 856 1097 siderum
886 1057 1016 1108 atque
1045 1053 1213 1096 animae
1240 1052 1604 1095 immortalitatem
1635 1065 1688 1094 ex
1717 1064 1783 1094 eo-

217 1138 313 1168 rum
344 1125 570 1169 divinitate
592 1125 701 1169 falso
734 1126 991 1180 repetiisset,
1017 1138 1112 1167 cum
1142 1123 1422 1179 philosophus
1448 1124 1541 1179 ipse
1556 1121 1785 1166 Aristotele

219 1199 395 1241 auctore
426 1196 643 1246 docuerit,
683 1196 870 1240 animam
902 1200 946 1240 et
986 1195 1129 1239 sidera
1161 1209 1257 1239 eam
1298 1195 1351 1239 ob
1383 1209 1554 1239 causam
1586 1208 1680 1238 esse
1709 1194 1785 1237 im-

222 1268 437 1323 mortalia,
474 1268 591 1323 quod
623 1268 852 1323 participia
882 1268 968 1310 sint
996 1267 1161 1310 aeterni
1188 1270 1350 1322 motus,
1382 1268 1468 1310 iam
1494 1268 1550 1309 ad
1575 1266 1787 1322 Pythago-

219 1354 314 1383 ram
353 1340 531 1395 eiusque
572 1339 812 1383 doctrinam
852 1342 1132 1382 transeamus.
1192 1338 1259 1381 Ad
1299 1352 1423 1393 quem
1467 1338 1638 1394 quidem
1673 1337 1788 1393 quod

220 1411 399 1461 adtinet,
430 1424 516 1453 non
534 1410 739 1454 maiorem
753 1410 950 1453 metimus
972 1423 1152 1452 messem
1166 1410 1210 1451 in
1225 1408 1463 1452 Philodemi
1476 1410 1599 1466 libro,
1628 1410 1788 1466 quippe

221 1481 330 1524 nihil
358 1482 460 1524 inde
490 1481 609 1524 aliud
624 1482 935 1536 comperimus,
966 1495 1093 1535 quam
1119 1484 1262 1523 aetate
1292 1481 1377 1524 iam
1405 1482 1583 1535 antiqua
1612 1481 1789 1524 nonnul-

221 1552 288 1597 ios
327 1553 567 1609 exstitisse,
607 1553 681 1609 qui
711 1554 873 1610 scripta
913 1554 992 1596 sub
1025 1552 1296 1609 Pythagorae
1335 1553 1505 1597 nomine
1540 1553 1788 1597 circumlata

222 1625 263 1669 ei
300 1625 611 1669 abiudicarent.
670 1625 891 1682 Leguntur
923 1626 1033 1669 enim
1061 1639 1132 1681 pg.
1164 1630 1229 1668 66.
1261 1626 1328 1668 4b.
1357 1625 1481 1669 haec:
1523 1630 1561 1668 3.
1593 1659 1602 1668 .
1635 1658 1645 1667 .
1676 1659 1685 1668 .
1717 1626 1787 1667 Πυ

278 1715 318 1754 4.
349 1705 550 1767 θαγόρου
581 1706 809 1767 ὁάὕτοῦγε
1043 1715 1079 1754 6.
1110 1706 1222 1753 εἶναι
1247 1711 1342 1777 ζεῶν
1369 1706 1529 1766 ἀναφε-

281 1785 319 1826 5.
351 1778 485 1826 οὐδέν
512 1781 620 1838 φασί
647 1797 765 1834 τινες
1041 1786 1081 1825 7.
1111 1781 1316 1839 ρομένων
1345 1778 1478 1840 παρὰ.

362 1881 428 1924 De
458 1881 760 1937 discrepantiis
776 1884 931 1933 tamen,
962 1894 1070 1935 quas
1103 1882 1218 1925 inter
1246 1895 1388 1925 veram
1406 1883 1520 1925 illius
1551 1875 1788 1926 doctrinam

226 1955 273 2000 et
301 1952 519 1998 Ciceronis
550 1952 860 2009 expositionem
891 1953 1141 2009 invenimus,
1171 1968 1319 1998 rursus
1349 1954 1455 1998 nihil
1485 1955 1788 2012 cognoscimuS.

224 2023 416 2072 Primum
444 2025 556 2068 enim
582 2024 732 2070 Cicero
766 2024 884 2070 haud
910 2024 1062 2071 leviter
1089 2025 1287 2069 immutat
1315 2025 1584 2083 Pythagorae
1614 2027 1789 2082 eiusque

224 2100 484 2144 sectatorum
512 2098 782 2153 sententiam,
812 2097 999 2141 animum
1029 2103 1104 2150 (sc.
1138 2097 1285 2155 deum)
1317 2112 1395 2155 per
1420 2103 1617 2143 naturam
1644 2113 1790 2144 rerum

223 2183 392 2215 omnem
417 2171 629 2215 intentum
662 2174 707 2216 et
736 2173 1042 2215 commeantem
1067 2184 1161 2214 esse
1190 2170 1357 2223 dicens,
1399 2187 1493 2216 cum
1523 2173 1787 2224 Aristoteles,

224 2242 350 2288 testis
363 2241 446 2287 hac
460 2243 507 2290 in
524 2256 572 2287 re
591 2242 964 2300 locupletissimus,
986 2241 1278 2299 Pythagoreos
1300 2242 1380 2287 hoc
1403 2247 1570 2288 tantum
1594 2233 1790 2289 docuisse

223 2313 392 2370 izi-ndat,
433 2329 487 2359 ex
513 2315 614 2372 igne
640 2314 821 2359 centrali
850 2314 1036 2358 calorem
1065 2315 1234 2370 vimque
1268 2315 1439 2359 vitalem
1468 2331 1547 2372 per
1584 2315 1789 2359 mundum

222 2399 460 2431 emanasse.
520 2387 658 2431 Multo
699 2399 800 2430 vero
838 2385 1105 2430 manifestior
1145 2386 1247 2430 inde
1294 2387 1479 2444 adparet
1526 2387 1788 2444 depravatio,

224 2457 341 2513 qaod
361 2456 516 2502 Cicero
545 2456 746 2512 deinceps
785 2470 839 2500 ex
867 2456 942 2500 illo
978 2457 1121 2500 animo
1161 2461 1331 2501 nostros
1372 2460 1536 2502 animos
1565 2459 1686 2515 carpi
1713 2458 1788 2513 ait,

228 2542 339 2585 quae
366 2529 584 2574 sententia
619 2542 798 2586 prorsus
831 2527 999 2572 redolet
1026 2528 1264 2572 Stoicorum
1299 2530 1485 2574 animum
1515 2529 1788 2581 mundanum,

224 2601 385 2646 etenim
415 2600 470 2645 de
498 2615 600 2645 vera
618 2600 987 2658 Pythagoreorum
1014 2600 1211 2644 doctrina
1228 2601 1479 2645 Aristoteles
1507 2602 1593 2645 alia
1609 2600 1788 2652 rettulit,

224 2672 440 2729 siquidem
468 2671 639 2729 ἔφασαν
663 2670 769 2730 γάρ,
805 2673 966 2730 inquit,
994 2687 1111 2725 τινες
1135 2670 1289 2716 αὐτῶν
1313 2670 1393 2731 τὴν
1420 2669 1567 2731 ψυχὴν
1597 2669 1709 2716 εἶναι
1734 2667 1791 2716 τὰ

226 2742 278 2789 ἐν
307 2745 375 2801 τῷ
405 2739 502 2801 αἐρι
532 2743 741 2802 ξύσματα,
763 2743 805 2789 οἱ
834 2744 883 2789 δὲ
911 2740 965 2789 τὸ
986 2746 1129 2789 ταῦτα
1154 2746 1324 2798 κινοῦν,
1349 2745 1586 2789 animorum
1604 2759 1663 2789 ex
1691 2745 1791 2802 igne

225 2816 412 2860 neutrali
458 2817 734 2861 oriundorum
776 2817 905 2872 plane
956 2819 1145 2874 ignarus
1228 2806 1430 2861 Attamen
1479 2821 1657 2874 propter
1710 2816 1791 2869 hae

228 2887 490 2933 mutationes
519 2902 643 2933 nemo
672 2903 752 2933 nec
779 2889 1027 2935 Ciceronem
1056 2904 1136 2934 nec
1163 2890 1458 2934 Philodemum
1491 2889 1790 2946 reprehendet,

224 2960 305 3015 qui
330 2974 471 3005 secum
499 2961 776 3018 reputaverit,
800 2965 997 3006 neutrum
1027 2975 1081 3012 ex
1108 2962 1227 3006 fante
1257 2962 1441 3019 genuino
1470 2962 1665 3018 potuisse
1685 2961 1791 3006 hau*
