1945 3260
814 198 1103 242 „43—

176 322 273 354 esse
300 309 484 367 positam
511 316 557 358 et
583 315 815 357 universae
850 315 1033 357 naturae
1067 312 1213 357 animo
1239 318 1370 368 utque
1398 318 1552 357 mente.
1608 311 1737 355 Porro

177 385 322 427 auoem
348 381 510 441 dicens,
536 384 678 442 ipsum
703 383 909 429 mundum
924 383 1053 429 deum
1082 396 1179 430 esse
1195 383 1350 430 eteius
1371 384 1508 430 anirni
1520 382 1737 428 ‘fusionem

176 455 434 513 univer-sm,
459 457 645 514 priorem
664 456 839 512 quidem
865 456 993 500 huius
1028 457 1266 502 sententiae
1293 461 1459 514 partem
1485 455 1545 500 ad
1558 455 1736 499 verbum

175 526 269 571 fere
294 529 515 610 expressit,
542 528 699 574 etenim
727 529 930 584 leguntur
957 528 1074 586 apud
1100 528 1395 573 Philodemum
1423 542 1465 585 p.
1483 541 1519 572 c.
1540 541 1582 572 v.
1602 527 1735 582 26sq-

174 592 257 647 τόν
297 613 347 643 τε
386 594 554 656 κόσμον
587 598 786 657 ἔμψυχον
823 595 936 643 εἶναι
968 600 1041 642 καὶ
1069 594 1201 656 θεόν,
1240 598 1317 645 sed
1344 599 1478 644 verba
1508 603 1736 655 postrema,

124 704 126 706 .
175 682 286 726 quae
312 670 418 715 mire
446 676 638 716 contorta
665 671 943 728 interpretem
977 671 1206 715 manifesto
1241 670 1425 728 produnt
1451 670 1627 727 linguae
1651 667 1735 713 dif-

146 734 149 737 ’
175 742 360 788 iioultute
387 744 684 801 praemditum
709 744 834 802 (nihil
854 743 970 788 enim
984 743 1104 788 aliud
1130 743 1377 801 significant
1389 756 1520 799 quam
1541 742 1735 787 animum

174 827 250 871 por
288 814 535 862 universam
581 829 722 860 rerum
760 820 962 860 naturam
1007 814 1186 873 fusum),
1234 814 1425 859 subsidio
1464 812 1735 858 Philodemeo

174 890 341 943 carent,
371 887 474 942 quia
503 887 588 932 duo
611 901 762 932 versus
787 887 968 945 proximi
997 900 1135 944 paene
1163 887 1292 944 plane
1328 892 1604 932 evanuerunt.
1662 887 1735 930 At-

174 961 318 1015 tamen
366 971 505 1013 pauca
553 958 769 1013 quaedum
814 970 926 1014 quae
963 962 1137 1003 exstant
1172 958 1378 1015 vestigia,
1415 971 1554 1013 neque
1593 957 1736 1001 minus

173 1028 321 1073 fusio
350 1030 611 1074 universa
640 1030 876 1087 Ciceronis,
908 1030 983 1086 qui
1010 1034 1123 1075 certe
1154 1029 1368 1075 Graecum
1406 1028 1653 1086 διαχεῖσθαι
1678 1028 1735 1073 ob

172 1101 316 1145 oeulos
350 1102 501 1145 habuit
513 1136 526 1158 ‚
564 1102 788 1159 quoniam,
818 1102 1073 1156 ubicumque
1110 1102 1214 1146 alibi
1248 1102 1330 1146 hac
1365 1101 1421 1145 de
1452 1114 1500 1145 re
1534 1100 1735 1156 loquitur,

171 1173 315 1217 verbis
340 1173 473 1217 utitur
499 1173 757 1230 pertinendi,
786 1173 1009 1230 tranandi‚
1051 1173 1352 1231 permanandi,
1387 1171 1638 1218 transeundi
1660 1171 1733 1230 (cf.

171 1243 354 1288 Krische
376 1257 461 1301 pg.'
479 1245 605 1300 382),
635 1258 715 1289 nos
743 1245 984 1301 adducunt,
1025 1249 1073 1289 ut
1101 1258 1186 1290 non
1225 1245 1319 1289 sine
1347 1257 1510 1301 magna
1537 1243 1734 1288 veritatis
1814 1283 1821 1288 ,

172 1315 314 1372 specie
340 1316 615 1373 suspicemur,
640 1317 709 1361 his
732 1317 929 1362 versibus
959 1317 1176 1363 lacunosis
1196 1318 1454 1363 mentionem
1478 1317 1639 1362 factam
1667 1316 1732 1361 fu-

171 1388 258 1432 isse
298 1386 371 1432 'dei
408 1387 647 1432 Stoicorum
683 1403 761 1446 per
794 1389 940 1434 omnia
976 1390 1249 1446 permeantis.
1307 1389 1561 1434 Rectissime
1600 1389 1734 1445 igitur

170 1459 343 1518 Sauppe
369 1459 539 1505 videtur
567 1474 641 1506 eos
665 1461 711 1506 in
726 1461 839 1506 hunc
867 1461 1040 1507 modum
1067 1461 1327 1507 restituisse:
1358 1464 1427 1507 20.
1454 1461 1527 1506 καὶ
1550 1462 1605 1518 τῇ
1630 1458 1732 1506 τού·

176 1547 259 1577 του
289 1535 357 1577 21.
386 1532 467 1590 μὲν
496 1528 611 1592 ῥύμῃ
630 1528 782 1578 πάντα
808 1536 877 1579 22.
908 1534 1155 1591 διαχεῖσθαι
1184 1536 1263 1592 (se.
1294 1534 1367 1578 καὶ
1395 1530 1515 1591 φυτὰ
1538 1534 1612 1579 καὶ
1638 1534 1732 1593 ζῷα

176 1604 249 1648 καὶ
274 1600 382 1656 τοὺς
409 1604 595 1662 λίθους),
623 1605 687 1650 ita
712 1610 760 1650 ut
787 1606 896 1651 deus
922 1606 1093 1651 dicatur
1120 1620 1197 1664 per
1224 1618 1373 1652 omnes
1388 1607 1545 1664 stirpes
1569 1611 1613 1651 et
1640 1606 1731 1650 ani-

168 1676 301 1720 malia
340 1689 563 1732 permeare
601 1682 731 1733 atque
760 1677 818 1722 ad
854 1677 1022 1735 lapides
1064 1679 1293 1736 pertinere;
1337 1678 1546 1735 Gomperz
1585 1682 1733 1722 contra.

168 1748 312 1793 nescio
339 1762 426 1804 qua
454 1763 501 1794 re
528 1755 775 1808 commotus,
803 1751 1002 1796 Tulliano
1021 1751 1213 1797 subsidio
1236 1752 1366 1809 plane
1383 1755 1538 1809 spreto,
1562 1750 1619 1807 τῇ
1640 1755 1730 1807 gam

166 1816 316 1866 πάντα
340 1821 416 1877 ζῇν
444 1822 577 1866 scribi
606 1822 749 1867 voluit.
808 1822 933 1876 Quod
962 1823 1136 1879 quidem
1158 1823 1309 1869 Cicero
1335 1814 1611 1881 praepostero
1637 1835 1731 1867 sen-

166 1893 393 1938 tentiarum
424 1892 572 1939 ordine
601 1908 703 1939 usus
729 1900 806 1953 est,
837 1909 901 1954 eo,
928 1897 1090 1954 opinor,
1121 1911 1247 1943 nemo
1271 1897 1458 1955 prudens
1476 1895 1731 1953 offendetur,

167 1980 264 2011 cum
291 1966 408 2011 haud
436 1981 532 2011 raro
562 1967 654 2011 fieri
681 1969 839 2026 soleat,
876 1973 924 2013 ut
961 1982 1075 2025 quae
1106 1971 1151 2014 iu
1178 1969 1362 2027 legendo
1395 1973 1610 2026 postrema.
1637 1980 1732 2025 per-

168 2038 376 2095 cepimus,
415 2051 469 2083 ea
507 2038 553 2082 in
594 2040 821 2085 scribendo
856 2041 947 2085 loco
985 2041 1125 2098 primo
1154 2042 1429 2086 collocemus.
1463 2039 1574 2085 -Sed
1607 2053 1730 2096 porro

165 2110 395 2154 audiamus
423 2109 684 2167 Ciceronem,
713 2112 787 2167 qui
808 2112 870 2156 sic
893 2114 1052 2170 pergit:
1079 2118 1172 2158 tum
1200 2114 1296 2158 eius
1307 2113 1444 2170 ipsius
1472 2116 1547 2166 (sc.
1562 2112 1730 2169 mundi)

164 2182 471 2239 principatum,
511 2182 587 2237 qui
627 2182 673 2227 in
702 2188 844 2228 mente
884 2189 927 2229 et
965 2186 1134 2230 ratione
1172 2190 1382 2241 versetur,
1422 2184 1573 2241 (deum
1596 2183 1729 2241 esse).

163 2255 424 2308 Quibuscum
462 2255 610 2300 verbis
647 2256 908 2302 conferenda
946 2262 1045 2302 sunt
1082 2258 1358 2303 Philodemea
1387 2272 1463 2315 vv,
1499 2258 1555 2301 28
1580 2260 1624 2301 et
1651 2257 1727 2300 29:

162 2327 236 2371 καὶ
255 2323 310 2371 τὸ
336 2320 598 2384 ἡγεμονικὸν
622 2330 695 2373 καὶ
725 2327 808 2388 τὴν
835 2325 945 2374 ὅλου
970 2328 1116 2388 ψυχὴν
1142 2364 1154 2374 .
1178 2365 1189 2376 .
1220 2364 1251 2387 .,
1287 2330 1368 2374 etsi
1396 2342 1552 2374 nomen
1578 2322 1727 2386 ἡγεμο-

162 2397 292 2444 νικὸν
315 2414 344 2444 a.
368 2398 612 2445 Petersenio
643 2401 816 2446 demum
839 2403 1092 2460 rescriptum
1122 2408 1188 2447 est
1228 2402 1462 2447 secundum
1498 2401 1632 2446 verba
1657 2400 1727 2444 ci-

167 2472 344 2528 ceronis,
371 2472 445 2526 qui
469 2473 527 2526 ΙΙ,
561 2477 627 2530 11,
658 2476 713 2518 29
738 2475 1038 2532 principatum,
1064 2476 1215 2533 inquit,
1243 2476 1289 2520 id
1305 2475 1417 2531 dieo,
1443 2474 1557 2530 quod
1569 2474 1728 2519 Graeci

165 2538 425 2601 ἡγεμονικὸν
454 2544 621 2589 vocant.
681 2547 1007 2603 Desposteriore
1035 2561 1139 2592 vero
1169 2547 1404 2593 sententiae
1442 2551 1585 2605 parte,
1624 2546 1728 2602 quia

167 2629 279 2660 unus
307 2628 456 2660 versus
484 2614 655 2672 penitus
684 2618 849 2663 deletus
876 2624 953 2675 est,
978 2620 1183 2664 iudicium
1212 2621 1471 2674 omittamus,
1501 2620 1537 2664 si
1552 2618 1726 2674 quidem

167 2687 214 2731 in
244 2690 334 2731 tam
363 2687 535 2732 incertis
562 2689 800 2735 eruditione
829 2696 873 2735 et
900 2691 1096 2749 ingenio,
1135 2691 1249 2748 quod
1287 2691 1393 2736 mihi
1431 2690 1601 2735 videtur
1626 2690 1727 2735 Kri-

166 2759 267 2805 sche
283 2760 449 2817 fecisse,
468 2761 588 2805 abuti
611 2767 654 2806 et
682 2763 868 2808 incertas
886 2765 1155 2810 coniecturas
1179 2780 1256 2822 pro
1283 2765 1412 2810 certis
1435 2765 1624 2810 vendere
1654 2778 1726 2809 no-

163 2832 328 2888 lumus3
374 2831 473 2875 licet
510 2832 626 2877 enim
672 2848 768 2879 cum
814 2836 960 2892 aliqua
1009 2836 1381 2882 verisimilitudine
1416 2837 1617 2894 legantur
1653 2836 1727 2880 καὶ

161 2900 245 2959 τὴν
282 2898 393 2948 ὅλου
421 2901 569 2962 ψυχὴν
599 2907 702 2952 καὶ.
730 2942 741 2964 ,
773 2909 842 2953 his
877 2914 1022 2954 tamen
1059 2910 1105 2953 in
1133 2911 1281 2955 verbis
1317 2910 1481 2954 nullum
1511 2914 1727 2967 00th

160 2975 393 3033 vestigium
415 2976 680 3034 prineipatus
708 2980 758 3024 in
785 2986 951 3026 mente
981 2986 1034 3026 et
1057 2982 1254 3028 ratione
1276 2982 1499 3027 vernantis.
1557 2976 1726 3026 Oen-tius
