1945 3260
856 194 1117 234 -α-

209 310 312 352 ante
344 306 570 353 eausam
598 304 801 351 habebat.
858 303 965 347 Cum
1005 303 1140 359 igitur
1167 304 1208 348 ei
1235 304 1328 348 seni
1354 304 1616 360 reipublicae
1641 316 1768 347 casus

208 382 254 423 et
289 379 512 423 domestici
540 377 757 424 scribendi
788 375 1055 423 occasionem
1089 376 1334 429 attulisent,
1372 375 1548 420 Graecis
1576 374 1768 431 vestigiis

208 450 408 495 insistere
436 450 603 501 statuit,
643 450 706 492 ita
731 450 780 490 ut
804 447 851 490 in
880 447 1060 503 singulis
1088 447 1387 504 philosophiae
1415 448 1613 504 partibus
1639 460 1767 489 unum

210 520 278 564 vel
316 520 463 576 plures
502 520 633 565 duces
672 519 756 563 sibi
786 518 974 575 elegeret
989 551 999 569 ,
1043 532 1150 574 quos
1180 522 1441 574 sequeretur.
1498 520 1598 575 Ipse
1627 520 1769 562 autem

212 586 408 647 pluribus
437 592 564 642 locis,
605 590 817 645 quomodo
843 583 889 633 in
914 589 1191 646 philosophia
1216 591 1445 634 tractanda
1475 591 1532 633 sit
1561 593 1768 641 versatus,

211 663 404 717 aperuit:
464 662 625 706 Scribit
657 662 770 704 enim
800 661 858 705 ad
886 662 1097 714 Atticum,
1138 662 1347 706 hominem
1377 663 1462 718 ipsi
1491 663 1771 706 familiarissi-

211 747 326 776 mum
357 737 474 790 (epp.
509 734 583 778 lib.
600 733 716 784 XII,
756 733 841 790 52.)
871 732 1045 788 haecce:
1077 733 1244 789 „Dices‚
1273 735 1347 789 qui
1374 734 1481 777 talia
1508 733 1770 778 conscribis?

213 805 478 862 Apographa
506 808 639 856 =sunt,
684 805 846 847 minore
885 803 1035 848 labore
1069 804 1201 856 fiunt,
1246 804 1376 849 verba
1412 809 1577 849 tantum
1610 804 1770 856 adfero,

213 876 368 931 quibus
406 876 618 920 abundo.·‘
677 876 773 918 Alio
801 875 894 918 loco
920 875 1072 931 (XIII,
1106 880 1173 924 19,
1203 878 1240 930 ξ.
1274 876 1336 932 5.)
1365 877 1444 918 ait:
1500 875 1633 927 „Sunt
1660 876 1772 918 enim

212 946 485 991 vehementer
517 943 692 991 πιθανὰ
719 946 991 997 Antiocheia,
1029 960 1138 1001 quae
1164 946 1391 1003 diligenter
1420 961 1447 990 a
1476 960 1543 990 me
1571 959 1774 1002 expressa

212 1033 392 1063 acumen
426 1018 588 1063 habent
618 1017 837 1069 Antiochi,
876 1018 1057 1060 nitorem
1098 1018 1301 1061 orationis
1340 1024 1548 1068 nostrum,
1586 1017 1773 1061 simodo

214 1091 253 1133 is
293 1093 361 1135 est
402 1090 558 1146 aliquis
598 1090 643 1132 in
680 1089 842 1133 nobis.“
902 1089 981 1132 His
1003 1089 1136 1145 igitur
1160 1089 1264 1132 locis
1293 1102 1422 1145 saepe
1450 1088 1558 1132 nihil
1586 1088 1704 1131 aliud
1728 1101 1774 1132 se

216 1161 383 1213 fecisse,
420 1175 550 1217 quam
579 1165 628 1203 ut
654 1161 843 1203 auctoris
873 1159 1038 1202 Graeca
1065 1161 1196 1202 verba
1222 1159 1375 1202 Latine
1402 1159 1613 1210 redderet,
1639 1160 1775 1203 amico

214 1233 351 1276 libere
392 1234 661 1289 ingenueque
691 1230 928 1274 confitetur.
989 1232 1190 1273 Attamen
1223 1244 1501 1287 nonsemper
1532 1230 1776 1274 Ciceronem

220 1303 402 1348 eandem
433 1304 642 1347 rationem
674 1303 934 1357 instituisse,
974 1302 1071 1345 aliis
1102 1316 1153 1344 ex
1184 1302 1288 1345 locis
1322 1303 1514 1345 concludi
1540 1306 1683 1358 potest
1709 1301 1777 1351 (c'f.

215 1374 309 1418 Fin.
352 1375 386 1417 Ι.
419 1377 459 1429 ξ.
488 1380 525 1417 6.
557 1373 636 1417 Off.
666 1375 698 1416 Ι.
723 1374 760 1426 ξ.
798 1378 832 1415 6.
858 1373 913 1416 11.
945 1376 984 1426 ξ.
1013 1374 1078 1415 60.
1109 1373 1181 1415 111.
1216 1375 1253 1427 ξ.
1287 1378 1370 1423 7.)=
1397 1387 1480 1416 non
1512 1374 1623 1416 enim
1649 1374 1778 1416 inter-

215 1445 351 1501 pretis
379 1444 515 1488 solum
543 1458 719 1488 munere
748 1443 1031 1501 fungebatur,
1072 1444 1147 1486 sed
1179 1443 1309 1487 etiam
1347 1458 1370 1486 e
1399 1443 1588 1488 fontibus
1620 1444 1778 1488 iudicio

219 1517 487 1573 arbitrioque
507 1531 584 1561 suo
614 1517 854 1560 hauriebat.
915 1516 1191 1570 Quacumque
1221 1518 1363 1558 autem
1390 1516 1556 1559 ratione
1585 1519 1779 1559 versatus

217 1592 284 1632 est
302 1590 348 1632 in
367 1588 642 1646 philosophia
663 1588 983 1639 conscribenda,
1002 1587 1125 1631 nobis
1148 1587 1304 1631 sufficit
1322 1587 1651 1639 demonstrasse,
1683 1602 1778 1631 eum

217 1673 303 1704 non
346 1673 398 1703 ex
429 1664 580 1716 suopte
609 1660 782 1715 ingenio
811 1673 902 1703 rem
931 1658 1203 1703 tractandam
1236 1659 1564 1715 deprompsisse,
1593 1659 1668 1703 sed
1700 1659 1781 1702 ele·

219 1732 335 1788 gisse
371 1745 406 1780 e¹
427 1731 688 1775 Graecorum
726 1730 872 1786 copiis.
931 1730 1043 1782 Quin
1082 1743 1182 1774 vero
1216 1730 1386 1782 Cicero,
1424 1745 1517 1774 cum
1553 1730 1610 1774 ad
1645 1729 1780 1786 philo-

220 1802 450 1857 sophorum
488 1803 709 1858 opiniones
749 1801 1054 1845 describendas
1082 1802 1322 1853 accederet,
1364 1804 1563 1858 quoniam
1593 1798 1781 1845 Graecae

219 1873 466 1931 theologiae
506 1874 746 1931 penetralia
783 1886 869 1917 non
904 1874 1263 1929 perlustraverat,
1302 1887 1355 1917 ex
1389 1873 1564 1920 Graecis
1578 1873 1782 1934 fontibus

220 1944 435 1995 hauserit,
476 1945 665 1988 dubitari
703 1957 787 1987 non
826 1947 982 2001 potest.
1041 1943 1135 1987 Hac
1174 1948 1317 1987 tamen
1351 1945 1396 1987 in
1435 1959 1482 1988 re
1519 1945 1781 1989 conficienda

219 2015 359 2058 lenem
380 2015 499 2059 illum
517 2015 743 2059 verborum
766 2029 935 2059 cursum
956 2014 1246 2070 orationisque
1275 2016 1624 2072 perspicuitatem
1651 2016 1782 2060 intera

223 2086 325 2129 dum
349 2088 530 2142 periisse
555 2088 706 2130 mir'um
732 2100 817 2130 non
849 2091 927 2143 est,
951 2088 1207 2143 praesertim
1241 2102 1335 2130 cum
1363 2088 1513 2145 lingua
1542 2088 1660 2145 inopi
1688 2102 1783 2132 nec·

223 2158 326 2202 dum
337 2158 395 2202 ad
413 2172 484 2203 res
495 2158 743 2204 subtiliores
758 2163 802 2203 et
815 2160 1072 2216 sp'inosiores
1081 2159 1379 2216 exprimendas
1391 2160 1570 2204 subacta
1578 2163 1783 2203 uteretur.

223 2231 375 2286 Itaque
393 2235 540 2283 restat,
560 2236 609 2274 ut
632 2232 896 2288 disceptetur
917 2232 992 2275 illa
1012 2232 1219 2287 quaesti0,
1235 2236 1385 2291 ‘utrum
1406 2232 1554 2276 Cicero
1572 2246 1625 2275 ex
1642 2232 1782 2288 singu-

222 2301 359 2344 lorum
384 2301 735 2359 philosophorum
758 2304 930 2359 scriptis
959 2303 1183 2347 materiam
1213 2304 1527 2358 conquisiverit,
1560 2317 1616 2347 an
1644 2303 1781 2350 brevi-

223 2373 288 2416 ori
308 2373 457 2430 aliquo
477 2373 625 2418 libello
655 2388 708 2418 ex
739 2387 884 2418 eorum
917 2375 1089 2431 scriptis
1115 2379 1315 2430 excerpto
1342 2389 1445 2419 usus
1475 2376 1553 2431 sit;
1579 2374 1784 2430 Epicurei

223 2445 333 2487 enim
367 2446 565 2502 inprimis
604 2450 649 2490 ct
675 2446 808 2490 Stoici
839 2447 954 2490 illius
985 2448 1142 2490 aetatis
1178 2447 1287 2490 tales
1324 2447 1493 2490 libellos
1531 2458 1783 2501 componere

224 2515 432 2560 solebant.
500 2516 641 2561 Priori
689 2522 833 2562 autem
880 2518 1117 2562 sententiae
1164 2523 1252 2561 tam
1287 2518 1478 2561 'brevitas
1523 2516 1784 2560 narrationis

224 2594 448 2644 repugnat,
469 2604 574 2646 -qua
604 2591 696 2634 sine
727 2591 858 2635 dubio
898 2591 1048 2635 Cicero
1081 2605 1126 2633 se
1163 2590 1461 2639 abstinuisset,
1502 2590 1539 2632 si
1568 2603 1620 2632 ex
1649 2588 1782 2632 adflu-

226 2659 396 2703 entibus
432 2661 688 2717 scriptorum
718 2663 852 2718 copiis
882 2663 1169 2718 excerpsisset
1200 2675 1286 2713 suo,
1308 2661 1511 2710 arbitrio,
1548 2673 1675 2715 quam
1710 2659 1784 2703 ad-

226 2730 436 2774 mirabilis
453 2731 528 2775 illa
547 2733 758 2785 celeritas,
790 2747 918 2788 quam
942 2735 989 2777 in
1020 2733 1248 2777 scribendo
1279 2732 1497 2775 adhibuit:
1528 2731 1641 2773 intra
1672 2731 1783 2773 enim

226 2804 433 2859 temporis
461 2804 646 2859 spatium
674 2805 845 2849 biennio
866 2807 1035 2850 brevius
1069 2809 1220 2849 cuncta
1249 2818 1380 2859 opera
1410 2802 1656 2846 elaboravit.
1716 2802 1784 2844 Al-

221 2878 362 2919 teram
384 2875 517 2932 igitur
535 2877 789 2920 sententiam
817 2879 1128 2934 amplectamur
1160 2890 1334 2921 necesse
1362 2880 1439 2926 est,
1467 2874 1712 2919 Ciceronem
1740 2875 1784 2916 in

225 2946 479 3016 enarrandis
502 2946 854 3006 philosophorum
883 2943 1106 2995 sententiis
1135 2943 1361 3006 σύνταγμα
1389 2944 1564 3003 aliquod
1594 2948 1785 2990 secutum
