<?xml version="1.0" encoding="UTF-8"?>
<!DOCTYPE html PUBLIC "-//W3C//DTD XHTML 1.0 Transitional//EN"
    "http://www.w3.org/TR/xhtml1/DTD/xhtml1-transitional.dtd">
<html xmlns="http://www.w3.org/1999/xhtml" xml:lang="en" lang="en">
 <head>
  <title>
</title>
<meta http-equiv="Content-Type" content="text/html;charset=utf-8" />
  <meta name='ocr-system' content='tesseract 3.04.00' />
  <meta name='ocr-capabilities' content='ocr_page ocr_carea ocr_par ocr_line ocrx_word'/>
</head>
<body>
  <div class='ocr_page' id='page_1' title='image "./4627452_0024.png"; bbox 0 0 1945 3260; ppageno 0'>
   <div class='ocr_carea' id='block_1_1' title="bbox 839 187 1124 227">
    <p class='ocr_par' dir='ltr' id='par_1_1' title="bbox 839 187 1124 227">
     <span class='ocr_line' id='line_1_1' title="bbox 839 187 1124 227; baseline 0 -9"><span class='ocrx_word' id='word_1_1' title='bbox 839 187 1124 227; x_wconf 70' lang='lat'>—12-</span> 
     </span>
    </p>
   </div>
   <div class='ocr_carea' id='block_1_2' title="bbox 185 295 1782 3009">
    <p class='ocr_par' dir='ltr' id='par_1_2' title="bbox 194 295 1760 571">
     <span class='ocr_line' id='line_1_2' title="bbox 195 295 1757 357; baseline 0.003 -17"><span class='ocrx_word' id='word_1_2' title='bbox 195 295 426 355; x_wconf 86' lang='lat' dir='ltr'><strong>plurimum</strong></span> <span class='ocrx_word' id='word_1_3' title='bbox 459 296 725 344; x_wconf 83' lang='lat' dir='ltr'><strong>detrahendi.</strong></span> <span class='ocrx_word' id='word_1_4' title='bbox 785 297 1021 355; x_wconf 84' lang='lat' dir='ltr'><strong>Propterea</strong></span> <span class='ocrx_word' id='word_1_5' title='bbox 1047 311 1133 342; x_wconf 88' lang='lat' dir='ltr'><strong>non</strong></span> <span class='ocrx_word' id='word_1_6' title='bbox 1154 298 1306 343; x_wconf 86' lang='lat' dir='ltr'><strong>inutile</strong></span> <span class='ocrx_word' id='word_1_7' title='bbox 1332 299 1550 357; x_wconf 83' lang='lat' dir='ltr'><strong>negotium</strong></span> <span class='ocrx_word' id='word_1_8' title='bbox 1577 311 1646 344; x_wconf 88' lang='lat' dir='ltr'><strong>me</strong></span> <span class='ocrx_word' id='word_1_9' title='bbox 1668 313 1757 345; x_wconf 78' lang='lat' dir='ltr'><strong>sus·</strong></span> 
     </span>
     <span class='ocr_line' id='line_1_3' title="bbox 194 371 1759 429; baseline 0.002 -15"><span class='ocrx_word' id='word_1_10' title='bbox 194 372 418 426; x_wconf 85' lang='lat' dir='ltr'><strong>cepturum</strong></span> <span class='ocrx_word' id='word_1_11' title='bbox 448 383 543 415; x_wconf 90' lang='lat' dir='ltr'><strong>esse</strong></span> <span class='ocrx_word' id='word_1_12' title='bbox 573 371 775 428; x_wconf 78' lang='lat' dir='ltr'><strong>opinatus</strong></span> <span class='ocrx_word' id='word_1_13' title='bbox 811 384 922 423; x_wconf 89' lang='lat' dir='ltr'><strong>sum,</strong></span> <span class='ocrx_word' id='word_1_14' title='bbox 960 384 1077 425; x_wconf 89' lang='lat' dir='ltr'><strong>cum,</strong></span> <span class='ocrx_word' id='word_1_15' title='bbox 1125 372 1184 416; x_wconf 89' lang='lat' dir='ltr'><strong>ad</strong></span> <span class='ocrx_word' id='word_1_16' title='bbox 1230 371 1521 418; x_wconf 82' lang='lat' dir='ltr'><strong>emendandos</strong></span> <span class='ocrx_word' id='word_1_17' title='bbox 1562 372 1759 429; x_wconf 84' lang='lat' dir='ltr'><strong>explican</strong></span> 
     </span>
     <span class='ocr_line' id='line_1_4' title="bbox 202 441 1760 499; baseline 0.003 -15"><span class='ocrx_word' id='word_1_18' title='bbox 202 441 366 497; x_wconf 86' lang='lat' dir='ltr'><strong>dosque</strong></span> <span class='ocrx_word' id='word_1_19' title='bbox 396 441 616 486; x_wconf 84' lang='lat' dir='ltr'><strong>Ciceronis</strong></span> <span class='ocrx_word' id='word_1_20' title='bbox 641 443 775 487; x_wconf 89' lang='lat' dir='ltr'><strong>libros</strong></span> <span class='ocrx_word' id='word_1_21' title='bbox 806 442 860 485; x_wconf 92' lang='lat' dir='ltr'><strong>de</strong></span> <span class='ocrx_word' id='word_1_22' title='bbox 882 445 1041 487; x_wconf 90' lang='lat' dir='ltr'><strong>natura</strong></span> <span class='ocrx_word' id='word_1_23' title='bbox 1068 443 1257 499; x_wconf 88' lang='lat' dir='ltr'><strong>deorum,</strong></span> <span class='ocrx_word' id='word_1_24' title='bbox 1294 443 1399 499; x_wconf 89' lang='lat' dir='ltr'><strong>quid</strong></span> <span class='ocrx_word' id='word_1_25' title='bbox 1433 457 1486 487; x_wconf 88' lang='lat' dir='ltr'><strong>ex</strong></span> <span class='ocrx_word' id='word_1_26' title='bbox 1521 443 1760 488; x_wconf 80' lang='lat' dir='ltr'><strong>Philodemi</strong></span> 
     </span>
     <span class='ocr_line' id='line_1_5' title="bbox 198 511 1607 571; baseline 0.001 -15"><span class='ocrx_word' id='word_1_27' title='bbox 198 513 429 569; x_wconf 78' lang='lat' dir='ltr'><strong>scriptione</strong></span> <span class='ocrx_word' id='word_1_28' title='bbox 450 514 551 571; x_wconf 79' lang='grc' dir='ltr'><em>περὶ</em></span> <span class='ocrx_word' id='word_1_29' title='bbox 574 511 796 567; x_wconf 76' lang='grc' dir='ltr'><strong><em>εὐσεβειας</em></strong></span> <span class='ocrx_word' id='word_1_30' title='bbox 821 514 1047 566; x_wconf 76' lang='lat' dir='ltr'>redundet,</span> <span class='ocrx_word' id='word_1_31' title='bbox 1072 516 1336 571; x_wconf 89' lang='lat' dir='ltr'><strong>perscrutari</strong></span> <span class='ocrx_word' id='word_1_32' title='bbox 1365 518 1607 559; x_wconf 79' lang='lat' dir='ltr'><strong>statuerem.</strong></span> 
     </span>
    </p>

    <p class='ocr_par' dir='ltr' id='par_1_3' title="bbox 192 585 1761 1860">
     <span class='ocr_line' id='line_1_6' title="bbox 335 585 1758 643; baseline 0 -14"><span class='ocrx_word' id='word_1_33' title='bbox 335 585 527 630; x_wconf 90' lang='lat' dir='ltr'><strong>Primum</strong></span> <span class='ocrx_word' id='word_1_34' title='bbox 553 587 698 643; x_wconf 87' lang='lat' dir='ltr'><strong>igitur,</strong></span> <span class='ocrx_word' id='word_1_35' title='bbox 727 599 783 629; x_wconf 92' lang='lat' dir='ltr'><strong>ne</strong></span> <span class='ocrx_word' id='word_1_36' title='bbox 811 585 973 629; x_wconf 90' lang='lat' dir='ltr'><strong>diutius</strong></span> <span class='ocrx_word' id='word_1_37' title='bbox 1001 585 1048 629; x_wconf 92' lang='lat' dir='ltr'><strong>in</strong></span> <span class='ocrx_word' id='word_1_38' title='bbox 1063 586 1273 631; x_wconf 85' lang='lat' dir='ltr'><strong>vestibulo</strong></span> <span class='ocrx_word' id='word_1_39' title='bbox 1295 586 1427 630; x_wconf 90' lang='lat' dir='ltr'><strong>totius</strong></span> <span class='ocrx_word' id='word_1_40' title='bbox 1456 586 1758 643; x_wconf 79' lang='lat' dir='ltr'><strong>disputationis</strong></span> 
     </span>
     <span class='ocr_line' id='line_1_7' title="bbox 195 656 1758 714; baseline 0 -13"><span class='ocrx_word' id='word_1_41' title='bbox 195 670 424 713; x_wconf 84' lang='lat' dir='ltr'><strong>moremur,</strong></span> <span class='ocrx_word' id='word_1_42' title='bbox 455 657 510 700; x_wconf 93' lang='lat' dir='ltr'><strong>de</strong></span> <span class='ocrx_word' id='word_1_43' title='bbox 539 656 718 701; x_wconf 81' lang='lat' dir='ltr'><strong>Thalete</strong></span> <span class='ocrx_word' id='word_1_44' title='bbox 745 657 916 701; x_wconf 91' lang='lat' dir='ltr'><strong>Milesio</strong></span> <span class='ocrx_word' id='word_1_45' title='bbox 942 657 1174 702; x_wconf 83' lang='lat' dir='ltr'><strong>videamus.</strong></span> <span class='ocrx_word' id='word_1_46' title='bbox 1235 658 1343 701; x_wconf 92' lang='lat' dir='ltr'><strong>Mire</strong></span> <span class='ocrx_word' id='word_1_47' title='bbox 1372 660 1536 711; x_wconf 88' lang='lat' dir='ltr'><strong>autem,</strong></span> <span class='ocrx_word' id='word_1_48' title='bbox 1564 671 1674 714; x_wconf 88' lang='lat' dir='ltr'><strong>quae</strong></span> <span class='ocrx_word' id='word_1_49' title='bbox 1704 657 1758 701; x_wconf 91' lang='lat' dir='ltr'><strong>de</strong></span> 
     </span>
     <span class='ocr_line' id='line_1_8' title="bbox 195 725 1759 787; baseline 0.001 -14"><span class='ocrx_word' id='word_1_50' title='bbox 195 729 323 773; x_wconf 90' lang='lat' dir='ltr'><strong>huius</strong></span> <span class='ocrx_word' id='word_1_51' title='bbox 354 729 555 785; x_wconf 91' lang='lat' dir='ltr'><strong>opinione</strong></span> <span class='ocrx_word' id='word_1_52' title='bbox 582 725 699 786; x_wconf 80' lang='lat' dir='ltr'><strong>apud</strong></span> <span class='ocrx_word' id='word_1_53' title='bbox 726 729 973 773; x_wconf 86' lang='lat' dir='ltr'><strong>Ciceronem</strong></span> <span class='ocrx_word' id='word_1_54' title='bbox 1002 730 1217 787; x_wconf 90' lang='lat' dir='ltr'><strong>leguntur,</strong></span> <span class='ocrx_word' id='word_1_55' title='bbox 1244 743 1339 773; x_wconf 90' lang='lat' dir='ltr'><strong>cum</strong></span> <span class='ocrx_word' id='word_1_56' title='bbox 1362 729 1488 773; x_wconf 89' lang='lat' dir='ltr'><strong>lectio</strong></span> <span class='ocrx_word' id='word_1_57' title='bbox 1515 743 1601 773; x_wconf 92' lang='lat' dir='ltr'><strong>non</strong></span> <span class='ocrx_word' id='word_1_58' title='bbox 1629 729 1759 786; x_wconf 91' lang='lat' dir='ltr'><strong>plane</strong></span> 
     </span>
     <span class='ocr_line' id='line_1_9' title="bbox 195 800 1758 857; baseline -0.001 -13"><span class='ocrx_word' id='word_1_59' title='bbox 195 801 368 857; x_wconf 88' lang='lat' dir='ltr'><strong>integra</strong></span> <span class='ocrx_word' id='word_1_60' title='bbox 397 802 466 856; x_wconf 87' lang='lat' dir='ltr'><strong>sit,</strong></span> <span class='ocrx_word' id='word_1_61' title='bbox 493 801 752 844; x_wconf 77' lang='lat' dir='ltr'><strong>recentiores</strong></span> <span class='ocrx_word' id='word_1_62' title='bbox 783 800 1078 848; x_wconf 87' lang='lat' dir='ltr'><strong>deformarunt</strong></span> <span class='ocrx_word' id='word_1_63' title='bbox 1106 801 1349 844; x_wconf 89' lang='lat' dir='ltr'><strong>temerariis</strong></span> <span class='ocrx_word' id='word_1_64' title='bbox 1383 801 1626 844; x_wconf 86' lang='lat' dir='ltr'><strong>conatibus:</strong></span> <span class='ocrx_word' id='word_1_65' title='bbox 1656 814 1758 856; x_wconf 88' lang='lat' dir='ltr'><strong>qua-</strong></span> 
     </span>
     <span class='ocr_line' id='line_1_10' title="bbox 196 871 1761 930; baseline 0.001 -15"><span class='ocrx_word' id='word_1_66' title='bbox 196 871 409 923; x_wconf 88' lang='lat' dir='ltr'><strong>mobrem,</strong></span> <span class='ocrx_word' id='word_1_67' title='bbox 438 876 486 915; x_wconf 92' lang='lat' dir='ltr'><strong>ut</strong></span> <span class='ocrx_word' id='word_1_68' title='bbox 514 873 682 917; x_wconf 88' lang='lat' dir='ltr'><strong>ratione</strong></span> <span class='ocrx_word' id='word_1_69' title='bbox 711 876 755 917; x_wconf 90' lang='lat' dir='ltr'><strong>et</strong></span> <span class='ocrx_word' id='word_1_70' title='bbox 779 873 850 918; x_wconf 85' lang='lat' dir='ltr'><strong>via</strong></span> <span class='ocrx_word' id='word_1_71' title='bbox 876 873 1176 930; x_wconf 91' lang='lat' dir='ltr'><strong>procedamus,</strong></span> <span class='ocrx_word' id='word_1_72' title='bbox 1221 872 1280 916; x_wconf 91' lang='lat' dir='ltr'><strong>ad</strong></span> <span class='ocrx_word' id='word_1_73' title='bbox 1317 885 1412 916; x_wconf 87' lang='lat' dir='ltr'><strong>eam</strong></span> <span class='ocrx_word' id='word_1_74' title='bbox 1439 872 1666 917; x_wconf 91' lang='lat' dir='ltr'><strong>lectionem</strong></span> <span class='ocrx_word' id='word_1_75' title='bbox 1694 877 1761 917; x_wconf 91' lang='lat' dir='ltr'><strong>est</strong></span> 
     </span>
     <span class='ocr_line' id='line_1_11' title="bbox 195 942 1758 999; baseline -0.001 -11"><span class='ocrx_word' id='word_1_76' title='bbox 195 944 483 997; x_wconf 90' lang='lat' dir='ltr'><strong>redeundum,</strong></span> <span class='ocrx_word' id='word_1_77' title='bbox 528 958 656 999; x_wconf 88' lang='lat' dir='ltr'><strong>quam</strong></span> <span class='ocrx_word' id='word_1_78' title='bbox 695 958 841 989; x_wconf 87' lang='lat' dir='ltr'><strong>omnes</strong></span> <span class='ocrx_word' id='word_1_79' title='bbox 885 944 1053 989; x_wconf 88' lang='lat' dir='ltr'><strong>codices</strong></span> <span class='ocrx_word' id='word_1_80' title='bbox 1092 943 1281 987; x_wconf 91' lang='lat' dir='ltr'><strong>nondum</strong></span> <span class='ocrx_word' id='word_1_81' title='bbox 1312 944 1499 987; x_wconf 84' lang='lat' dir='ltr'><strong>virorum</strong></span> <span class='ocrx_word' id='word_1_82' title='bbox 1537 942 1758 988; x_wconf 89' lang='lat' dir='ltr'><strong>doctorum</strong></span> 
     </span>
     <span class='ocr_line' id='line_1_12' title="bbox 197 1007 1757 1073; baseline -0.002 -12"><span class='ocrx_word' id='word_1_83' title='bbox 197 1017 437 1073; x_wconf 88' lang='lat' dir='ltr'><strong>sagacitate</strong></span> <span class='ocrx_word' id='word_1_84' title='bbox 467 1018 678 1060; x_wconf 85' lang='lat' dir='ltr'><strong>tentatam</strong></span> <span class='ocrx_word' id='word_1_85' title='bbox 708 1017 931 1073; x_wconf 86' lang='lat' dir='ltr'><strong>praebent.</strong></span> <span class='ocrx_word' id='word_1_86' title='bbox 989 1016 1212 1073; x_wconf 88' lang='lat' dir='ltr'><strong>Leguntur</strong></span> <span class='ocrx_word' id='word_1_87' title='bbox 1244 1015 1415 1071; x_wconf 88' lang='lat' dir='ltr'><strong>quidem</strong></span> <span class='ocrx_word' id='word_1_88' title='bbox 1444 1015 1603 1071; x_wconf 90' lang='lat' dir='ltr'><strong>ubique</strong></span> <span class='ocrx_word' id='word_1_89' title='bbox 1622 1007 1757 1060; x_wconf 80' lang='lat' dir='ltr'><strong>haec:</strong></span> 
     </span>
     <span class='ocr_line' id='line_1_13' title="bbox 196 1086 1759 1144; baseline 0.001 -13"><span class='ocrx_word' id='word_1_90' title='bbox 196 1088 270 1141; x_wconf 89' lang='lat' dir='ltr'><strong>„Si</strong></span> <span class='ocrx_word' id='word_1_91' title='bbox 300 1088 361 1131; x_wconf 91' lang='lat' dir='ltr'><strong>dii</strong></span> <span class='ocrx_word' id='word_1_92' title='bbox 387 1090 569 1144; x_wconf 88' lang='lat' dir='ltr'><strong>possunt</strong></span> <span class='ocrx_word' id='word_1_93' title='bbox 595 1101 690 1132; x_wconf 84' lang='lat' dir='ltr'><strong>esse</strong></span> <span class='ocrx_word' id='word_1_94' title='bbox 727 1088 819 1133; x_wconf 92' lang='lat' dir='ltr'><strong>sine</strong></span> <span class='ocrx_word' id='word_1_95' title='bbox 849 1102 978 1133; x_wconf 87' lang='lat' dir='ltr'><strong>sensu</strong></span> <span class='ocrx_word' id='word_1_96' title='bbox 1005 1092 1050 1133; x_wconf 92' lang='lat' dir='ltr'><strong>et</strong></span> <span class='ocrx_word' id='word_1_97' title='bbox 1083 1090 1245 1142; x_wconf 85' lang='lat' dir='ltr'><strong>mente,</strong></span> <span class='ocrx_word' id='word_1_98' title='bbox 1285 1101 1360 1131; x_wconf 88' lang='lat' dir='ltr'><strong>cnr</strong></span> <span class='ocrx_word' id='word_1_99' title='bbox 1388 1100 1526 1143; x_wconf 87' lang='lat' dir='ltr'><strong>aquae</strong></span> <span class='ocrx_word' id='word_1_100' title='bbox 1551 1086 1759 1144; x_wconf 87' lang='lat' dir='ltr'><strong>adiunxit,</strong></span> 
     </span>
     <span class='ocr_line' id='line_1_14' title="bbox 194 1158 1759 1216; baseline 0 -13"><span class='ocrx_word' id='word_1_101' title='bbox 194 1160 232 1203; x_wconf 90' lang='lat' dir='ltr'><strong>si</strong></span> <span class='ocrx_word' id='word_1_102' title='bbox 261 1159 359 1216; x_wconf 89' lang='lat' dir='ltr'><strong>ipsa</strong></span> <span class='ocrx_word' id='word_1_103' title='bbox 386 1173 506 1203; x_wconf 88' lang='lat' dir='ltr'><strong>mens</strong></span> <span class='ocrx_word' id='word_1_104' title='bbox 535 1162 733 1204; x_wconf 81' lang='lat' dir='ltr'><strong>constare</strong></span> <span class='ocrx_word' id='word_1_105' title='bbox 761 1164 907 1216; x_wconf 88' lang='lat' dir='ltr'><strong>potest</strong></span> <span class='ocrx_word' id='word_1_106' title='bbox 948 1175 1106 1206; x_wconf 81' lang='lat' dir='ltr'><strong>vacans</strong></span> <span class='ocrx_word' id='word_1_107' title='bbox 1136 1164 1355 1216; x_wconf 89' lang='lat' dir='ltr'><strong>corpore.“</strong></span> <span class='ocrx_word' id='word_1_108' title='bbox 1414 1158 1626 1215; x_wconf 85' lang='lat' dir='ltr'><strong>Corrupta</strong></span> <span class='ocrx_word' id='word_1_109' title='bbox 1651 1159 1759 1203; x_wconf 90' lang='lat' dir='ltr'><strong>haec</strong></span> 
     </span>
     <span class='ocr_line' id='line_1_15' title="bbox 197 1229 1759 1290; baseline -0.001 -15"><span class='ocrx_word' id='word_1_110' title='bbox 197 1244 293 1275; x_wconf 88' lang='lat' dir='ltr'><strong>esse</strong></span> <span class='ocrx_word' id='word_1_111' title='bbox 319 1244 454 1276; x_wconf 87' lang='lat' dir='ltr'><strong>nexus</strong></span> <span class='ocrx_word' id='word_1_112' title='bbox 484 1232 793 1276; x_wconf 89' lang='lat' dir='ltr'><strong>sententiarum</strong></span> <span class='ocrx_word' id='word_1_113' title='bbox 822 1235 972 1290; x_wconf 90' lang='lat' dir='ltr'><strong>aperte</strong></span> <span class='ocrx_word' id='word_1_114' title='bbox 1000 1232 1212 1277; x_wconf 88' lang='lat' dir='ltr'><strong>ostendit:</strong></span> <span class='ocrx_word' id='word_1_115' title='bbox 1244 1244 1339 1275; x_wconf 92' lang='lat' dir='ltr'><strong>cum</strong></span> <span class='ocrx_word' id='word_1_116' title='bbox 1362 1230 1480 1274; x_wconf 75' lang='lat' dir='ltr'><strong>&#39;enim</strong></span> <span class='ocrx_word' id='word_1_117' title='bbox 1509 1229 1665 1274; x_wconf 92' lang='lat' dir='ltr'><strong>Thales</strong></span> <span class='ocrx_word' id='word_1_118' title='bbox 1695 1242 1759 1274; x_wconf 85' lang='lat' dir='ltr'><strong>se-</strong></span> 
     </span>
     <span class='ocr_line' id='line_1_16' title="bbox 196 1302 1758 1356; baseline 0 -10"><span class='ocrx_word' id='word_1_119' title='bbox 196 1303 382 1347; x_wconf 91' lang='lat' dir='ltr'><strong>cundum</strong></span> <span class='ocrx_word' id='word_1_120' title='bbox 408 1302 624 1346; x_wconf 85' lang='lat' dir='ltr'><strong>Ciceronis</strong></span> <span class='ocrx_word' id='word_1_121' title='bbox 642 1304 773 1348; x_wconf 86' lang='lat' dir='ltr'><strong>verba</strong></span> <span class='ocrx_word' id='word_1_122' title='bbox 802 1305 1021 1349; x_wconf 88' lang='lat' dir='ltr'><strong>enucleate</strong></span> <span class='ocrx_word' id='word_1_123' title='bbox 1036 1305 1204 1356; x_wconf 87' lang='lat' dir='ltr'><strong>dixerit,</strong></span> <span class='ocrx_word' id='word_1_124' title='bbox 1237 1304 1364 1347; x_wconf 91' lang='lat' dir='ltr'><strong>deum</strong></span> <span class='ocrx_word' id='word_1_125' title='bbox 1397 1316 1491 1346; x_wconf 90' lang='lat' dir='ltr'><strong>esse</strong></span> <span class='ocrx_word' id='word_1_126' title='bbox 1521 1316 1614 1345; x_wconf 90' lang='lat' dir='ltr'><strong>eam</strong></span> <span class='ocrx_word' id='word_1_127' title='bbox 1644 1315 1758 1346; x_wconf 87' lang='lat' dir='ltr'><strong>men-</strong></span> 
     </span>
     <span class='ocr_line' id='line_1_17' title="bbox 195 1373 1757 1434; baseline 0.001 -17"><span class='ocrx_word' id='word_1_128' title='bbox 195 1377 295 1427; x_wconf 88' lang='lat' dir='ltr'><strong>tem,</strong></span> <span class='ocrx_word' id='word_1_129' title='bbox 327 1388 438 1430; x_wconf 87' lang='lat' dir='ltr'><strong>quae</strong></span> <span class='ocrx_word' id='word_1_130' title='bbox 468 1388 521 1418; x_wconf 88' lang='lat' dir='ltr'><strong>ex</strong></span> <span class='ocrx_word' id='word_1_131' title='bbox 547 1389 662 1431; x_wconf 86' lang='lat' dir='ltr'><strong>aqua</strong></span> <span class='ocrx_word' id='word_1_132' title='bbox 701 1380 855 1421; x_wconf 89' lang='lat' dir='ltr'><strong>cuncta</strong></span> <span class='ocrx_word' id='word_1_133' title='bbox 884 1376 1032 1434; x_wconf 84' lang='lat' dir='ltr'><strong>fingat,</strong></span> <span class='ocrx_word' id='word_1_134' title='bbox 1060 1376 1248 1421; x_wconf 90' lang='lat' dir='ltr'><strong>Velleius</strong></span> <span class='ocrx_word' id='word_1_135' title='bbox 1272 1374 1384 1419; x_wconf 87' lang='lat' dir='ltr'><strong>hanc</strong></span> <span class='ocrx_word' id='word_1_136' title='bbox 1410 1373 1652 1431; x_wconf 90' lang='lat' dir='ltr'><strong>opinionem</strong></span> <span class='ocrx_word' id='word_1_137' title='bbox 1680 1373 1757 1418; x_wconf 93' lang='lat' dir='ltr'><strong>im-</strong></span> 
     </span>
     <span class='ocr_line' id='line_1_18' title="bbox 193 1445 1759 1504; baseline -0.001 -15"><span class='ocrx_word' id='word_1_138' title='bbox 193 1450 477 1504; x_wconf 77' lang='lat' dir='ltr'><strong>pugnaturu8‚</strong></span> <span class='ocrx_word' id='word_1_139' title='bbox 502 1447 586 1490; x_wconf 89' lang='lat' dir='ltr'><strong>nisi</strong></span> <span class='ocrx_word' id='word_1_140' title='bbox 614 1447 885 1492; x_wconf 87' lang='lat' dir='ltr'><strong>manifestam</strong></span> <span class='ocrx_word' id='word_1_141' title='bbox 913 1448 1110 1493; x_wconf 86' lang='lat' dir='ltr'><strong>fraudem</strong></span> <span class='ocrx_word' id='word_1_142' title='bbox 1141 1447 1283 1491; x_wconf 87' lang='lat' dir='ltr'><strong>facere</strong></span> <span class='ocrx_word' id='word_1_143' title='bbox 1308 1446 1456 1496; x_wconf 84' lang='lat' dir='ltr'><strong>vellet,</strong></span> <span class='ocrx_word' id='word_1_144' title='bbox 1492 1445 1609 1488; x_wconf 90' lang='lat' dir='ltr'><strong>nullo</strong></span> <span class='ocrx_word' id='word_1_145' title='bbox 1631 1445 1759 1489; x_wconf 86' lang='lat' dir='ltr'><strong>modo</strong></span> 
     </span>
     <span class='ocr_line' id='line_1_19' title="bbox 194 1516 1759 1575; baseline -0.001 -13"><span class='ocrx_word' id='word_1_146' title='bbox 194 1518 338 1562; x_wconf 89' lang='lat' dir='ltr'><strong>dicere</strong></span> <span class='ocrx_word' id='word_1_147' title='bbox 367 1517 509 1575; x_wconf 90' lang='lat' dir='ltr'><strong>potuit</strong></span> <span class='ocrx_word' id='word_1_148' title='bbox 539 1519 603 1570; x_wconf 89' lang='lat' dir='ltr'><strong>„si</strong></span> <span class='ocrx_word' id='word_1_149' title='bbox 629 1518 689 1562; x_wconf 89' lang='lat' dir='ltr'><strong>dii</strong></span> <span class='ocrx_word' id='word_1_150' title='bbox 709 1523 890 1575; x_wconf 91' lang='lat' dir='ltr'><strong>possunt</strong></span> <span class='ocrx_word' id='word_1_151' title='bbox 904 1534 999 1564; x_wconf 90' lang='lat' dir='ltr'><strong>esse</strong></span> <span class='ocrx_word' id='word_1_152' title='bbox 1026 1521 1119 1564; x_wconf 88' lang='lat' dir='ltr'><strong>sine</strong></span> <span class='ocrx_word' id='word_1_153' title='bbox 1148 1533 1275 1563; x_wconf 90' lang='lat' dir='ltr'><strong>sensu</strong></span> <span class='ocrx_word' id='word_1_154' title='bbox 1306 1522 1351 1562; x_wconf 92' lang='lat' dir='ltr'><strong>et</strong></span> <span class='ocrx_word' id='word_1_155' title='bbox 1377 1519 1590 1561; x_wconf 81' lang='lat' dir='ltr'><strong>mente.“</strong></span> <span class='ocrx_word' id='word_1_156' title='bbox 1634 1516 1759 1560; x_wconf 89' lang='lat' dir='ltr'><strong>Certe</strong></span> 
     </span>
     <span class='ocr_line' id='line_1_20' title="bbox 192 1589 1759 1647; baseline -0.002 -13"><span class='ocrx_word' id='word_1_157' title='bbox 192 1590 327 1647; x_wconf 90' lang='lat' dir='ltr'><strong>igitur</strong></span> <span class='ocrx_word' id='word_1_158' title='bbox 356 1589 569 1633; x_wconf 89' lang='lat' dir='ltr'><strong>medicina</strong></span> <span class='ocrx_word' id='word_1_159' title='bbox 597 1589 697 1634; x_wconf 89' lang='lat' dir='ltr'><strong>huic</strong></span> <span class='ocrx_word' id='word_1_160' title='bbox 725 1591 818 1634; x_wconf 93' lang='lat' dir='ltr'><strong>loco</strong></span> <span class='ocrx_word' id='word_1_161' title='bbox 841 1591 1091 1636; x_wconf 86' lang='lat' dir='ltr'><strong>adhibenda</strong></span> <span class='ocrx_word' id='word_1_162' title='bbox 1120 1595 1201 1643; x_wconf 91' lang='lat' dir='ltr'><strong>est,</strong></span> <span class='ocrx_word' id='word_1_163' title='bbox 1231 1605 1311 1635; x_wconf 92' lang='lat' dir='ltr'><strong>nec</strong></span> <span class='ocrx_word' id='word_1_164' title='bbox 1341 1593 1485 1634; x_wconf 91' lang='lat' dir='ltr'><strong>tamen</strong></span> <span class='ocrx_word' id='word_1_165' title='bbox 1512 1589 1626 1640; x_wconf 86' lang='lat' dir='ltr'><strong>talis,</strong></span> <span class='ocrx_word' id='word_1_166' title='bbox 1656 1602 1759 1644; x_wconf 79' lang='lat' dir='ltr'><strong>qua·</strong></span> 
     </span>
     <span class='ocr_line' id='line_1_21' title="bbox 192 1659 1758 1719; baseline -0.003 -13"><span class='ocrx_word' id='word_1_167' title='bbox 192 1662 256 1706; x_wconf 84' lang='lat' dir='ltr'><strong>les</strong></span> <span class='ocrx_word' id='word_1_168' title='bbox 286 1661 546 1704; x_wconf 87' lang='lat' dir='ltr'><strong>recentiores</strong></span> <span class='ocrx_word' id='word_1_169' title='bbox 576 1664 811 1719; x_wconf 87' lang='lat' dir='ltr'><strong>tentarunt,</strong></span> <span class='ocrx_word' id='word_1_170' title='bbox 840 1663 1062 1707; x_wconf 88' lang='lat' dir='ltr'><strong>Baiterum</strong></span> <span class='ocrx_word' id='word_1_171' title='bbox 1092 1663 1189 1707; x_wconf 90' lang='lat' dir='ltr'><strong>dico</strong></span> <span class='ocrx_word' id='word_1_172' title='bbox 1219 1666 1264 1706; x_wconf 89' lang='lat' dir='ltr'><strong>et</strong></span> <span class='ocrx_word' id='word_1_173' title='bbox 1296 1661 1652 1711; x_wconf 87' lang='lat' dir='ltr'><strong>Schoemannum‚</strong></span> <span class='ocrx_word' id='word_1_174' title='bbox 1685 1659 1758 1715; x_wconf 88' lang='lat' dir='ltr'><strong>qui</strong></span> 
     </span>
     <span class='ocr_line' id='line_1_22' title="bbox 194 1730 1758 1790; baseline -0.002 -13"><span class='ocrx_word' id='word_1_175' title='bbox 194 1746 282 1777; x_wconf 92' lang='lat' dir='ltr'><strong>non</strong></span> <span class='ocrx_word' id='word_1_176' title='bbox 310 1733 356 1776; x_wconf 92' lang='lat' dir='ltr'><strong>in</strong></span> <span class='ocrx_word' id='word_1_177' title='bbox 386 1745 489 1776; x_wconf 87' lang='lat' dir='ltr'><strong>voce</strong></span> <span class='ocrx_word' id='word_1_178' title='bbox 520 1736 751 1784; x_wconf 88' lang='lat' dir='ltr'><strong>„mente“</strong></span> <span class='ocrx_word' id='word_1_179' title='bbox 780 1733 1132 1790; x_wconf 84' lang='lat' dir='ltr'><strong>depravationem</strong></span> <span class='ocrx_word' id='word_1_180' title='bbox 1157 1735 1298 1778; x_wconf 88' lang='lat' dir='ltr'><strong>inesse</strong></span> <span class='ocrx_word' id='word_1_181' title='bbox 1318 1735 1585 1785; x_wconf 89' lang='lat' dir='ltr'><strong>censuerunt,</strong></span> <span class='ocrx_word' id='word_1_182' title='bbox 1610 1730 1686 1775; x_wconf 87' lang='lat' dir='ltr'><strong>sed</strong></span> <span class='ocrx_word' id='word_1_183' title='bbox 1707 1731 1758 1775; x_wconf 81' lang='lat' dir='ltr'><strong>in</strong></span> 
     </span>
     <span class='ocr_line' id='line_1_23' title="bbox 194 1805 844 1860; baseline 0.002 -12"><span class='ocrx_word' id='word_1_184' title='bbox 194 1805 482 1849; x_wconf 90' lang='lat' dir='ltr'><strong>membrorum</strong></span> <span class='ocrx_word' id='word_1_185' title='bbox 512 1805 844 1860; x_wconf 85' lang='lat' dir='ltr'><strong>comparatione.</strong></span> 
     </span>
    </p>

    <p class='ocr_par' dir='ltr' id='par_1_4' title="bbox 185 1874 1782 3009">
     <span class='ocr_line' id='line_1_24' title="bbox 329 1874 1755 1933; baseline -0.001 -14"><span class='ocrx_word' id='word_1_186' title='bbox 329 1875 656 1932; x_wconf 88' lang='lat' dir='ltr'><strong>Peropportune</strong></span> <span class='ocrx_word' id='word_1_187' title='bbox 684 1880 828 1920; x_wconf 90' lang='lat' dir='ltr'><strong>autem</strong></span> <span class='ocrx_word' id='word_1_188' title='bbox 857 1877 1143 1930; x_wconf 89' lang='lat' dir='ltr'><strong>Philodemus,</strong></span> <span class='ocrx_word' id='word_1_189' title='bbox 1174 1877 1342 1922; x_wconf 87' lang='lat' dir='ltr'><strong>etiamsi</strong></span> <span class='ocrx_word' id='word_1_190' title='bbox 1370 1877 1417 1921; x_wconf 89' lang='lat' dir='ltr'><strong>in</strong></span> <span class='ocrx_word' id='word_1_191' title='bbox 1441 1876 1539 1933; x_wconf 86' lang='lat' dir='ltr'><strong>ipsa</strong></span> <span class='ocrx_word' id='word_1_192' title='bbox 1567 1874 1755 1932; x_wconf 87' lang='lat' dir='ltr'><strong>philoso-</strong></span> 
     </span>
     <span class='ocr_line' id='line_1_25' title="bbox 194 1947 1758 2006; baseline -0.001 -16"><span class='ocrx_word' id='word_1_193' title='bbox 194 1947 378 2004; x_wconf 89' lang='lat' dir='ltr'><strong>phorum</strong></span> <span class='ocrx_word' id='word_1_194' title='bbox 404 1948 651 1991; x_wconf 84' lang='lat' dir='ltr'><strong>narratione</strong></span> <span class='ocrx_word' id='word_1_195' title='bbox 667 1949 831 1992; x_wconf 88' lang='lat' dir='ltr'><strong>nullum</strong></span> <span class='ocrx_word' id='word_1_196' title='bbox 854 1953 996 1993; x_wconf 86' lang='lat' dir='ltr'><strong>exstat</strong></span> <span class='ocrx_word' id='word_1_197' title='bbox 1019 1951 1258 2006; x_wconf 84' lang='lat' dir='ltr'><strong>vestigium,</strong></span> <span class='ocrx_word' id='word_1_198' title='bbox 1288 1949 1486 1992; x_wconf 91' lang='lat' dir='ltr'><strong>medendi</strong></span> <span class='ocrx_word' id='word_1_199' title='bbox 1510 1948 1758 1991; x_wconf 84' lang='lat' dir='ltr'><strong>facultatem</strong></span> 
     </span>
     <span class='ocr_line' id='line_1_26' title="bbox 192 2017 1758 2078; baseline 0 -16"><span class='ocrx_word' id='word_1_200' title='bbox 192 2018 318 2064; x_wconf 92' lang='lat' dir='ltr'><strong>nobis</strong></span> <span class='ocrx_word' id='word_1_201' title='bbox 350 2018 436 2063; x_wconf 87' lang='lat' dir='ltr'><strong>dat.</strong></span> <span class='ocrx_word' id='word_1_202' title='bbox 495 2018 612 2063; x_wconf 91' lang='lat' dir='ltr'><strong>Dicit</strong></span> <span class='ocrx_word' id='word_1_203' title='bbox 642 2020 754 2063; x_wconf 92' lang='lat' dir='ltr'><strong>enim</strong></span> <span class='ocrx_word' id='word_1_204' title='bbox 784 2020 829 2064; x_wconf 90' lang='lat' dir='ltr'><strong>in</strong></span> <span class='ocrx_word' id='word_1_205' title='bbox 852 2021 1108 2066; x_wconf 85' lang='lat' dir='ltr'><strong>brevissima·</strong></span> <span class='ocrx_word' id='word_1_206' title='bbox 1124 2020 1486 2078; x_wconf 87' lang='lat' dir='ltr'><strong>philosophorum,</strong></span> <span class='ocrx_word' id='word_1_207' title='bbox 1518 2018 1572 2063; x_wconf 90' lang='lat' dir='ltr'><strong>de</strong></span> <span class='ocrx_word' id='word_1_208' title='bbox 1602 2017 1758 2075; x_wconf 89' lang='lat' dir='ltr'><strong>quibus</strong></span> 
     </span>
     <span class='ocr_line' id='line_1_27' title="bbox 193 2091 1756 2150; baseline -0.001 -17"><span class='ocrx_word' id='word_1_209' title='bbox 193 2094 324 2134; x_wconf 87' lang='lat' dir='ltr'><strong>antea</strong></span> <span class='ocrx_word' id='word_1_210' title='bbox 352 2094 522 2147; x_wconf 85' lang='lat' dir='ltr'><strong>egerat,</strong></span> <span class='ocrx_word' id='word_1_211' title='bbox 548 2092 852 2148; x_wconf 86' lang='lat' dir='ltr'><strong>recognitione,</strong></span> <span class='ocrx_word' id='word_1_212' title='bbox 882 2107 993 2148; x_wconf 89' lang='lat' dir='ltr'><strong>quae</strong></span> <span class='ocrx_word' id='word_1_213' title='bbox 1023 2096 1123 2150; x_wconf 92' lang='lat' dir='ltr'><strong>post</strong></span> <span class='ocrx_word' id='word_1_214' title='bbox 1150 2093 1354 2149; x_wconf 87' lang='lat' dir='ltr'><strong>Diogenis</strong></span> <span class='ocrx_word' id='word_1_215' title='bbox 1383 2091 1611 2147; x_wconf 80' lang='lat' dir='ltr'><strong>Babylonii</strong></span> <span class='ocrx_word' id='word_1_216' title='bbox 1641 2103 1756 2133; x_wconf 89' lang='lat' dir='ltr'><strong>men·</strong></span> 
     </span>
     <span class='ocr_line' id='line_1_28' title="bbox 192 2162 760 2219; baseline 0.004 -14"><span class='ocrx_word' id='word_1_217' title='bbox 192 2162 354 2207; x_wconf 89' lang='lat' dir='ltr'><strong>tionem</strong></span> <span class='ocrx_word' id='word_1_218' title='bbox 382 2162 552 2219; x_wconf 88' lang='lat' dir='ltr'><strong>legitur,</strong></span> <span class='ocrx_word' id='word_1_219' title='bbox 580 2164 760 2208; x_wconf 72' lang='lat' dir='ltr'><strong>haeccez</strong></span> 
     </span>
     <span class='ocr_line' id='line_1_29' title="bbox 190 2229 1758 2291; baseline -0.001 -14"><span class='ocrx_word' id='word_1_220' title='bbox 190 2249 263 2291; x_wconf 86' lang='lat' dir='ltr'><strong>pg.</strong></span> <span class='ocrx_word' id='word_1_221' title='bbox 295 2238 362 2277; x_wconf 90' lang='lat'><strong>88.</strong></span> <span class='ocrx_word' id='word_1_222' title='bbox 393 2249 422 2277; x_wconf 91' lang='lat' dir='ltr'>v</span> <span class='ocrx_word' id='word_1_223' title='bbox 450 2237 506 2277; x_wconf 86' lang='lat'><strong>24</strong></span> <span class='ocrx_word' id='word_1_224' title='bbox 535 2249 621 2291; x_wconf 88' lang='lat' dir='ltr'><strong>sq.:</strong></span> <span class='ocrx_word' id='word_1_225' title='bbox 660 2235 867 2288; x_wconf 80' lang='grc' dir='ltr'><strong><em>βλέπεται</em></strong></span> <span class='ocrx_word' id='word_1_226' title='bbox 896 2233 935 2279; x_wconf 82' lang='grc' dir='ltr'><strong>δ’</strong></span> <span class='ocrx_word' id='word_1_227' title='bbox 958 2231 1030 2280; x_wconf 79' lang='grc' dir='ltr'><strong>ὅτι</strong></span> <span class='ocrx_word' id='word_1_228' title='bbox 1068 2237 1140 2279; x_wconf 86' lang='grc' dir='ltr'><strong>καὶ</strong></span> <span class='ocrx_word' id='word_1_229' title='bbox 1183 2233 1297 2279; x_wconf 85' lang='grc' dir='ltr'><strong><em>κατὰ</em></strong></span> <span class='ocrx_word' id='word_1_230' title='bbox 1335 2231 1440 2286; x_wconf 86' lang='grc' dir='ltr'><strong><em>τοὺς</em></strong></span> <span class='ocrx_word' id='word_1_231' title='bbox 1471 2231 1562 2291; x_wconf 81' lang='grc' dir='ltr'><strong>πρὸ</strong></span> <span class='ocrx_word' id='word_1_232' title='bbox 1604 2229 1758 2277; x_wconf 74' lang='grc' dir='ltr'><strong><em>αὐτῶν</em></strong></span> 
     </span>
     <span class='ocr_line' id='line_1_30' title="bbox 191 2302 1758 2365; baseline 0 -16"><span class='ocrx_word' id='word_1_233' title='bbox 191 2309 264 2358; x_wconf 87' lang='lat' dir='ltr'><strong>(sc.</strong></span> <span class='ocrx_word' id='word_1_234' title='bbox 294 2306 537 2362; x_wconf 78' lang='grc' dir='ltr'><strong><em>Στωικῶν)</em></strong></span> <span class='ocrx_word' id='word_1_235' title='bbox 567 2305 846 2365; x_wconf 79' lang='grc' dir='ltr'><strong><em>ἐκκειμένους</em></strong></span> <span class='ocrx_word' id='word_1_236' title='bbox 881 2303 988 2352; x_wconf 74' lang='grc' dir='ltr'><strong>οὐδὲ</strong></span> <span class='ocrx_word' id='word_1_237' title='bbox 1015 2304 1077 2361; x_wconf 83' lang='grc' dir='ltr'><strong>εἶς</strong></span> <span class='ocrx_word' id='word_1_238' title='bbox 1108 2303 1165 2351; x_wconf 73' lang='grc' dir='ltr'><strong>ἂν</strong></span> <span class='ocrx_word' id='word_1_239' title='bbox 1194 2304 1366 2358; x_wconf 78' lang='grc' dir='ltr'><strong><em>ἀδικίας</em></strong></span> <span class='ocrx_word' id='word_1_240' title='bbox 1394 2302 1672 2363; x_wconf 77' lang='grc' dir='ltr'><strong><em>ἄπειρχθείη,</em></strong></span> <span class='ocrx_word' id='word_1_241' title='bbox 1709 2305 1758 2349; x_wconf 79' lang='grc' dir='ltr'><strong>δε</strong></span> 
     </span>
     <span class='ocr_line' id='line_1_31' title="bbox 193 2373 1759 2439; baseline 0.005 -18"><span class='ocrx_word' id='word_1_242' title='bbox 193 2376 351 2430; x_wconf 81' lang='grc' dir='ltr'><strong><em>δοικὼς</em></strong></span> <span class='ocrx_word' id='word_1_243' title='bbox 389 2375 496 2430; x_wconf 86' lang='grc' dir='ltr'><strong>τούς</strong></span> <span class='ocrx_word' id='word_1_244' title='bbox 540 2376 637 2423; x_wconf 75' lang='grc' dir='ltr'><strong>οὐδ’</strong></span> <span class='ocrx_word' id='word_1_245' title='bbox 672 2379 1006 2439; x_wconf 77' lang='grc' dir='ltr'><strong><em>ἐπικεινηθῆναι</em></strong></span> <span class='ocrx_word' id='word_1_246' title='bbox 1049 2381 1322 2438; x_wconf 79' lang='grc' dir='ltr'><strong><em>δυναμένους</em></strong></span> <span class='ocrx_word' id='word_1_247' title='bbox 1359 2373 1386 2437; x_wconf 82' lang='grc' dir='ltr'>ἢ</span> <span class='ocrx_word' id='word_1_248' title='bbox 1420 2374 1527 2429; x_wconf 79' lang='grc' dir='ltr'><strong><em>τοὺς</em></strong></span> <span class='ocrx_word' id='word_1_249' title='bbox 1562 2376 1759 2435; x_wconf 70' lang='grc' dir='ltr'><strong>ἐναργῶς</strong></span> 
     </span>
     <span class='ocr_line' id='line_1_32' title="bbox 190 2446 1759 2508; baseline -0.001 -15"><span class='ocrx_word' id='word_1_250' title='bbox 190 2446 490 2508; x_wconf 77' lang='grc' dir='ltr'><strong><em>ἀναισθήτους</em></strong></span> <span class='ocrx_word' id='word_1_251' title='bbox 528 2456 605 2504; x_wconf 90' lang='lat' dir='ltr'><strong>(sc.</strong></span> <span class='ocrx_word' id='word_1_252' title='bbox 637 2449 803 2507; x_wconf 80' lang='grc' dir='ltr'><strong><em>θεούς).</em></strong></span> <span class='ocrx_word' id='word_1_253' title='bbox 863 2454 1046 2506; x_wconf 82' lang='lat' dir='ltr'><strong>Quinam</strong></span> <span class='ocrx_word' id='word_1_254' title='bbox 1087 2467 1187 2497; x_wconf 85' lang='lat' dir='ltr'><strong>vero</strong></span> <span class='ocrx_word' id='word_1_255' title='bbox 1219 2452 1318 2496; x_wconf 72' lang='lat' dir='ltr'><strong>sint&#39;</strong></span> <span class='ocrx_word' id='word_1_256' title='bbox 1343 2451 1375 2494; x_wconf 92' lang='lat' dir='ltr'><strong>ii</strong></span> <span class='ocrx_word' id='word_1_257' title='bbox 1412 2449 1673 2506; x_wconf 87' lang='lat' dir='ltr'><strong>philosophi,</strong></span> <span class='ocrx_word' id='word_1_258' title='bbox 1712 2450 1759 2492; x_wconf 90' lang='lat' dir='ltr'><strong>in</strong></span> 
     </span>
     <span class='ocr_line' id='line_1_33' title="bbox 193 2521 1758 2577; baseline -0.001 -13"><span class='ocrx_word' id='word_1_259' title='bbox 193 2535 372 2577; x_wconf 89' lang='lat' dir='ltr'><strong>quorum</strong></span> <span class='ocrx_word' id='word_1_260' title='bbox 412 2522 496 2565; x_wconf 89' lang='lat' dir='ltr'><strong>diis</strong></span> <span class='ocrx_word' id='word_1_261' title='bbox 537 2523 749 2567; x_wconf 90' lang='lat' dir='ltr'><strong>sentiendi</strong></span> <span class='ocrx_word' id='word_1_262' title='bbox 789 2528 834 2568; x_wconf 92' lang='lat' dir='ltr'><strong>et</strong></span> <span class='ocrx_word' id='word_1_263' title='bbox 872 2524 1070 2568; x_wconf 87' lang='lat' dir='ltr'><strong>movendi</strong></span> <span class='ocrx_word' id='word_1_264' title='bbox 1108 2523 1294 2568; x_wconf 85' lang='lat' dir='ltr'><strong>facultas</strong></span> <span class='ocrx_word' id='word_1_265' title='bbox 1334 2521 1626 2571; x_wconf 87' lang='lat' dir='ltr'><strong>desideratur,</strong></span> <span class='ocrx_word' id='word_1_266' title='bbox 1672 2533 1758 2576; x_wconf 88' lang='lat' dir='ltr'><strong>qua</strong></span> 
     </span>
     <span class='ocr_line' id='line_1_34' title="bbox 194 2592 1757 2651; baseline 0 -16"><span class='ocrx_word' id='word_1_267' title='bbox 194 2593 422 2636; x_wconf 89' lang='lat' dir='ltr'><strong>destitutos</strong></span> <span class='ocrx_word' id='word_1_268' title='bbox 450 2593 652 2650; x_wconf 90' lang='lat' dir='ltr'><strong>Epicurei</strong></span> <span class='ocrx_word' id='word_1_269' title='bbox 683 2596 799 2647; x_wconf 83' lang='lat' dir='ltr'><strong>deos,</strong></span> <span class='ocrx_word' id='word_1_270' title='bbox 830 2610 926 2640; x_wconf 91' lang='lat' dir='ltr'><strong>cum</strong></span> <span class='ocrx_word' id='word_1_271' title='bbox 953 2596 1126 2640; x_wconf 91' lang='lat' dir='ltr'><strong>eosdem</strong></span> <span class='ocrx_word' id='word_1_272' title='bbox 1145 2608 1323 2651; x_wconf 82' lang='lat' dir='ltr'><strong>corpore</strong></span> <span class='ocrx_word' id='word_1_273' title='bbox 1348 2593 1523 2637; x_wconf 88' lang='lat' dir='ltr'><strong>indutos</strong></span> <span class='ocrx_word' id='word_1_274' title='bbox 1549 2606 1646 2636; x_wconf 88' lang='lat' dir='ltr'><strong>esse</strong></span> <span class='ocrx_word' id='word_1_275' title='bbox 1673 2592 1757 2635; x_wconf 85' lang='lat' dir='ltr'><strong>vel-</strong></span> 
     </span>
     <span class='ocr_line' id='line_1_35' title="bbox 192 2659 1756 2723; baseline 0 -17"><span class='ocrx_word' id='word_1_276' title='bbox 192 2663 294 2715; x_wconf 92' lang='lat' dir='ltr'><strong>lent,</strong></span> <span class='ocrx_word' id='word_1_277' title='bbox 323 2677 556 2719; x_wconf 89' lang='lat' dir='ltr'><strong>agnoscere</strong></span> <span class='ocrx_word' id='word_1_278' title='bbox 586 2680 671 2709; x_wconf 92' lang='lat' dir='ltr'><strong>non</strong></span> <span class='ocrx_word' id='word_1_279' title='bbox 698 2659 943 2723; x_wconf 88' lang='lat' dir='ltr'><strong>potuerunt,</strong></span> <span class='ocrx_word' id='word_1_280' title='bbox 984 2668 1143 2723; x_wconf 90' lang='lat' dir='ltr'><strong>partim</strong></span> <span class='ocrx_word' id='word_1_281' title='bbox 1173 2666 1445 2710; x_wconf 87' lang='lat' dir='ltr'><strong>manifestum</strong></span> <span class='ocrx_word' id='word_1_282' title='bbox 1473 2666 1559 2714; x_wconf 88' lang='lat' dir='ltr'><strong>est,</strong></span> <span class='ocrx_word' id='word_1_283' title='bbox 1599 2663 1756 2720; x_wconf 89' lang='lat' dir='ltr'><strong>partim</strong></span> 
     </span>
     <span class='ocr_line' id='line_1_36' title="bbox 191 2733 1757 2797; baseline 0.002 -20"><span class='ocrx_word' id='word_1_284' title='bbox 191 2733 317 2778; x_wconf 84' lang='lat' dir='ltr'><strong>facile</strong></span> <span class='ocrx_word' id='word_1_285' title='bbox 344 2736 626 2792; x_wconf 88' lang='lat' dir='ltr'><strong>suspicamur.</strong></span> <span class='ocrx_word' id='word_1_286' title='bbox 683 2738 788 2782; x_wconf 89' lang='lat' dir='ltr'><strong>Cum</strong></span> <span class='ocrx_word' id='word_1_287' title='bbox 818 2739 930 2783; x_wconf 89' lang='lat' dir='ltr'><strong>enim</strong></span> <span class='ocrx_word' id='word_1_288' title='bbox 951 2739 1139 2783; x_wconf 89' lang='lat' dir='ltr'><strong>Velleius</strong></span> <span class='ocrx_word' id='word_1_289' title='bbox 1165 2739 1281 2795; x_wconf 87' lang='lat' dir='ltr'><strong>apud</strong></span> <span class='ocrx_word' id='word_1_290' title='bbox 1314 2737 1561 2797; x_wconf 81' lang='lat' dir='ltr'><strong>Ciceronem</strong></span> <span class='ocrx_word' id='word_1_291' title='bbox 1589 2735 1757 2780; x_wconf 80' lang='lat' dir='ltr'><strong>Anaxa-</strong></span> 
     </span>
     <span class='ocr_line' id='line_1_37' title="bbox 196 2805 1782 2868; baseline 0 -19"><span class='ocrx_word' id='word_1_292' title='bbox 196 2818 329 2863; x_wconf 89' lang='lat' dir='ltr'><strong>gorae</strong></span> <span class='ocrx_word' id='word_1_293' title='bbox 357 2806 596 2851; x_wconf 86' lang='lat' dir='ltr'><strong>doctrinam</strong></span> <span class='ocrx_word' id='word_1_294' title='bbox 630 2822 887 2865; x_wconf 90' lang='lat' dir='ltr'><strong>percensens</strong></span> <span class='ocrx_word' id='word_1_295' title='bbox 913 2811 954 2856; x_wconf 90' lang='lat' dir='ltr'><strong>ei</strong></span> <span class='ocrx_word' id='word_1_296' title='bbox 986 2811 1227 2868; x_wconf 81' lang='lat' dir='ltr'><strong>exprobret,</strong></span> <span class='ocrx_word' id='word_1_297' title='bbox 1259 2808 1373 2867; x_wconf 91' lang='lat' dir='ltr'><strong>quod</strong></span> <span class='ocrx_word' id='word_1_298' title='bbox 1399 2807 1532 2852; x_wconf 84' lang='lat' dir='ltr'><strong>menti</strong></span> <span class='ocrx_word' id='word_1_299' title='bbox 1562 2805 1757 2851; x_wconf 87' lang='lat' dir='ltr'><strong>infinitae</strong></span> <span class='ocrx_word' id='word_1_300' title='bbox 1780 2847 1782 2849; x_wconf 87' lang='lat'>.</span> 
     </span>
     <span class='ocr_line' id='line_1_38' title="bbox 189 2872 1757 2940; baseline 0.006 -18"><span class='ocrx_word' id='word_1_301' title='bbox 189 2892 329 2934; x_wconf 89' lang='lat' dir='ltr'><strong>neque</strong></span> <span class='ocrx_word' id='word_1_302' title='bbox 374 2881 518 2926; x_wconf 62' lang='lat' dir='ltr'><strong>motus</strong></span> <span class='ocrx_word' id='word_1_303' title='bbox 557 2880 727 2924; x_wconf 89' lang='lat' dir='ltr'><strong>iunctus</strong></span> <span class='ocrx_word' id='word_1_304' title='bbox 766 2895 861 2935; x_wconf 87' lang='lat' dir='ltr'><strong>esse</strong></span> <span class='ocrx_word' id='word_1_305' title='bbox 886 2883 1025 2940; x_wconf 86' lang='lat' dir='ltr'><strong>possit</strong></span> <span class='ocrx_word' id='word_1_306' title='bbox 1059 2896 1198 2939; x_wconf 89' lang='lat' dir='ltr'><strong>neque</strong></span> <span class='ocrx_word' id='word_1_307' title='bbox 1236 2895 1386 2927; x_wconf 87' lang='lat' dir='ltr'><strong>sensus</strong></span> <span class='ocrx_word' id='word_1_308' title='bbox 1423 2872 1615 2930; x_wconf 70' lang='lat' dir='ltr'><strong>omnino,</strong></span> <span class='ocrx_word' id='word_1_309' title='bbox 1652 2877 1757 2937; x_wconf 68' lang='lat' dir='ltr'><strong>,quin</strong></span> 
     </span>
     <span class='ocr_line' id='line_1_39' title="bbox 185 2948 1755 3009; baseline 0.001 -17"><span class='ocrx_word' id='word_1_310' title='bbox 185 2948 337 2992; x_wconf 88' lang='lat' dir='ltr'><strong>eadem</strong></span> <span class='ocrx_word' id='word_1_311' title='bbox 366 2949 413 2992; x_wconf 90' lang='lat' dir='ltr'><strong>in</strong></span> <span class='ocrx_word' id='word_1_312' title='bbox 442 2948 594 2993; x_wconf 91' lang='lat' dir='ltr'><strong>eodem</strong></span> <span class='ocrx_word' id='word_1_313' title='bbox 623 2950 880 3007; x_wconf 90' lang='lat' dir='ltr'><strong>philosopho</strong></span> <span class='ocrx_word' id='word_1_314' title='bbox 909 2953 1183 2997; x_wconf 85' lang='lat' dir='ltr'><strong>Philodemus</strong></span> <span class='ocrx_word' id='word_1_315' title='bbox 1220 2965 1390 3009; x_wconf 87' lang='lat' dir='ltr'><strong>quoque</strong></span> <span class='ocrx_word' id='word_1_316' title='bbox 1417 2948 1755 3007; x_wconf 80' lang='lat' dir='ltr'><strong>reprehenderit,</strong></span> 
     </span>
    </p>
   </div>
  </div>
 </body>
</html>
