1945 3260
751 213 755 215 -
825 198 884 209 Q
908 199 911 207 J
943 177 999 220 ι,
1058 199 1115 211 -

184 287 282 340 rire,
315 289 392 333 sed
418 292 645 346 utrumque
676 260 734 334 ab
769 289 868 340 aliis
893 288 1137 335 doctrinam
1163 291 1290 336 valde
1318 291 1409 336 ian
1430 289 1666 340 variatam.
1701 291 1748 333 et

184 372 278 402 cum
294 360 486 413 aliorum,
507 361 761 417 praesertim
776 360 1026 417 Stoicorum,
1049 362 1221 418 placitis
1236 364 1500 408 commistam
1512 360 1743 417 accepisse.

281 515 284 518 ,
320 458 456 504 Venio
488 474 600 505 nunc
624 460 683 505 ad
709 459 1038 517 Xenophanem,
1076 475 1222 519 quem,
1260 462 1347 506 etsi'
1372 476 1425 506 ne
1453 475 1540 506 una
1568 458 1742 517 quidem

181 529 373 575 litterula
413 531 468 576 de
493 532 619 577 huius
649 533 849 590 opinione
875 546 899 576 e
925 532 1138 577 cineribus
1177 535 1223 578 in
1260 535 1398 578 lucem
1435 536 1626 577 retracta
1662 535 1740 581 est.

178 598 339 645 idcirco
364 605 508 646 tamen
542 616 626 647 non
653 603 825 647 silentio
861 604 1287 658 praetermittendum
1325 604 1583 655 existimavi,
1623 601 1740 657 quod

180 684 389 728 nusquam
437 673 541 718 alibi
586 672 835 719 Ciceronem
873 673 1027 718 Graeci
1072 676 1278 719 sermonis
1321 676 1599 732 interpretem
1649 678 1739 717 tam

178 747 330 800 aperte
363 744 732 802 deprehendimus.
801 745 894 798 Quo
928 746 1040 790 enim
1086 747 1213 791 modo
1250 747 1366 791 idem
1414 747 1451 790 si
1489 746 1585 802 quis
1627 744 1738 788 alius

177 819 384 862 orationis
413 807 756 876 elegantissimae
770 818 936 876 peritus
964 823 1055 862 tam
1082 822 1274 863 contorte
1289 823 1332 863 et
1350 818 1532 863 obscure
1546 815 1737 869 dixisset,

176 888 260 932 nisi
284 892 361 933 aut
386 890 518 934 nimia
545 889 739 934 vertendi
771 888 1026 933 difficultate
1057 894 1134 934 aut
1170 893 1294 934 tanta
1331 889 1557 934 verborum
1586 886 1735 931 obscu—

175 961 316 1012 ritate,
348 965 396 1005 ut
425 975 477 1006 ea
500 965 617 1006 recte
644 963 868 1019 percipere
897 961 1105 1017 nequiret,
1136 961 1378 1018 prohibitus
1406 953 1552 1004 esset?
1594 958 1736 1003 Verba

175 1032 286 1075 enim
316 1032 422 1077 haec
448 1036 568 1077 sunt:
608 1037 724 1086 „tum
748 1032 1054 1090 Xenophanes,
1098 1034 1173 1089 qui
1203 1038 1344 1078 mente
1377 1032 1582 1076 adiuncta
1609 1043 1735 1074 omne

173 1108 398 1159 praeterea
429 1105 543 1159 quod
571 1108 686 1148 esset
712 1104 927 1147 infinitum
956 1104 1082 1149 deum
1108 1105 1243 1149 voluit
1256 1111 1390 1148 esse.“
1450 1103 1575 1156 Quod
1603 1111 1733 1146 enun—

172 1175 341 1226 tiatum,
370 1165 539 1232 quoquo
569 1176 697 1220 modo
724 1176 771 1219 id
800 1189 1038 1228 versamus,
1077 1189 1162 1220 non
1192 1177 1322 1220 aliam
1348 1176 1538 1220 continet
1566 1178 1733 1217 senten-

172 1248 290 1298 tiam,
322 1262 451 1303 quam
481 1262 594 1303 quae
621 1247 775 1291 Velleii
805 1261 974 1303 quoque
1002 1248 1260 1293 refutatione
1289 1249 1521 1298 indicatur,
1549 1248 1623 1302 qui
1651 1245 1733 1289 hoc

170 1318 263 1362 loco
288 1333 373 1378 non
405 1320 669 1375 spernendus
697 1324 775 1371 est,
803 1321 1004 1375 quoniam
1032 1320 1274 1365 Tullianam
1303 1321 1615 1369 narrationem,
1645 1330 1731 1360 non

169 1405 312 1435 veram
344 1392 620 1448 Xenophanis
650 1392 892 1447 opinionem
932 1392 1182 1448 intellegere
1220 1392 1426 1447 cupimus.
1486 1389 1591 1433 Cum
1621 1388 1730 1432 duas

168 1468 312 1506 autem
348 1464 585 1519 Epicureus
633 1465 757 1506 unius
807 1463 1082 1517 eiusdemque
1122 1465 1188 1506 rei
1232 1464 1463 1518 qualitates
1501 1462 1582 1514 (sic
1616 1460 1729 1503 enim

166 1531 407 1591 ποιότητας
442 1539 607 1577 vertere
647 1533 751 1576 mihi
772 1533 903 1576 liceat
933 1533 1137 1577 Cicerone
1174 1534 1426 1590 praeeunte)
1465 1536 1728 1587 percenseat,

167 1609 212 1648 et
240 1605 493 1649 infinitatem
521 1609 565 1648 et
589 1605 674 1649 vim
702 1604 954 1656 mentalem,
993 1605 1183 1650 dubitari
1213 1619 1299 1649 non
1330 1607 1494 1662 potest,
1527 1602 1633 1658 quin
1661 1599 1728 1645 Ci-

168 1689 265 1720 cero
296 1676 544 1720 Philodemo
574 1680 749 1721 auctore
779 1674 923 1720 dicere
951 1677 1097 1729 voluit,
1124 1690 1248 1721 omne
1274 1673 1344 1731 (τό
1371 1677 1494 1731 πᾶν),
1520 1672 1636 1730 quod
1664 1673 1727 1715 in·

164 1746 331 1790 finitum
357 1752 473 1792 esset
500 1752 726 1803 menteque
755 1747 1019 1803 praeditum,
1047 1748 1279 1792 secundum
1303 1746 1609 1803 Xenophanem
1630 1757 1727 1787 esse

166 1818 303 1863 deum.
361 1819 510 1875 Neque
537 1833 638 1865 vero
667 1833 755 1864 non
784 1819 984 1876 congruit
1010 1833 1105 1863 cum
1122 1818 1388 1876 Colophonio
1413 1818 1485 1862 hic
1507 1814 1725 1874 pantheis-

163 1904 270 1942 mus,
299 1905 424 1946 quem
454 1896 586 1935 testes
614 1890 958 1947 locupletissimi,
997 1885 1267 1946 quamquam⁸
1281 1892 1375 1946 ipse
1409 1890 1590 1934 eundem
1626 1900 1723 1929 nus-

163 1975 291 2018 quam
320 1962 521 2007 distincte
550 1962 768 2019 professus
799 1965 886 2012 est,
928 1962 970 2006 ei
1009 1963 1263 2008 tribuerunt.
1323 1963 1551 2007 Manifesto
1577 1963 1722 2003 tamen

161 2033 311 2076 Cicero
340 2034 551 2089 peccavit,
582 2047 708 2077 omne
739 2031 810 2083 (τὸ
839 2034 947 2086 πᾶν)
988 2035 1215 2090 adpellans
1244 2035 1457 2078 infinitum
1470 2066 1481 2085 ,
1520 2031 1721 2087 quoniam

161 2102 467 2160 Xenophanem
498 2109 615 2149 certo
644 2106 801 2149 scimus
831 2118 955 2149 omne
994 2105 1106 2149 finiti
1145 2112 1191 2150 et
1217 2107 1375 2150 infiniti
1403 2104 1634 2149 discrimen
1661 2099 1719 2144 ab

159 2174 256 2220 Uno
284 2190 361 2220 suo
396 2177 597 2221 arcuisse.
656 2176 742 2220 Sed
776 2190 831 2221 ne
870 2177 995 2221 nimis
1023 2178 1179 2222 acerbe
1209 2177 1455 2222 Ciceronem
1486 2173 1554 2219 vel
1579 2171 1719 2217 Philo·

160 2247 330 2290 demum
358 2261 452 2292 eam
481 2248 536 2293 ob
575 2261 748 2292 causam
782 2247 1167 2304 reprehendamus,
1208 2249 1443 2293 cavendum
1472 2250 1558 2297 est,
1602 2242 1717 2299 quod

159 2331 304 2363 omnes
329 2324 429 2376 post
455 2319 805 2376 ,Theophrastum
835 2320 1065 2377 scriptores
1102 2321 1173 2375 (cf.
1202 2322 1383 2366 Krische
1412 2335 1482 2378 pg.
1515 2317 1590 2375 91)
1617 2330 1716 2372 cap·

156 2394 269 2436 tiosa
307 2406 411 2436 sane
448 2392 774 2436 ratiocinatione
808 2406 862 2436 ex
890 2393 1167 2445 aeternitate,
1205 2395 1366 2453 quippe
1394 2405 1506 2448 quae
1530 2403 1609 2433 nec
1637 2387 1716 2447 ini·

156 2464 264 2508 tium
287 2462 468 2507 haberet
486 2476 566 2508 nec
592 2462 733 2515 finem,
761 2464 1030 2519 repetierunt
1057 2459 1325 2509 infinitatem.

290 2562 531 2618 Praeterea,
561 2577 671 2622 quae
700 2563 755 2609 de
782 2563 1039 2609 Parmenide
1065 2562 1214 2609 Cicero
1250 2567 1417 2614 narrat,
1455 2559 1522 2604 no'¹
1541 2559 1579 2603 is
1611 2569 1709 2600 exa·

154 2636 359 2682 minanda
387 2641 496 2695 sunt.
557 2636 726 2682 Omisso
754 2651 823 2691 eo,
854 2637 970 2694 quod
994 2636 1162 2681 facilem
1200 2637 1333 2681 habet
1367 2633 1708 2692 explicationem,

151 2708 262 2755 entis
291 2711 476 2764 (ουτος),
505 2709 551 2753 in
581 2696 784 2766 quo‘tota
818 2709 1015 2754 doctrina
1054 2709 1179 2766 quasi
1216 2709 1263 2752 in
1301 2707 1478 2752 cardine
1514 2703 1706 2752 vertitur·

149 2780 319 2824 nullam.
338 2781 433 2842 fieri
457 2782 714 2826 mentionem
742 2808 798 2814 -
828 2782 929 2838 quia
942 2782 1054 2829 enim
1079 2781 1160 2826 viri
1178 2781 1295 2825 docti
1324 2781 1515 2824 divinum
1542 2773 1708 2831 aliquid

149 2851 354 2896 rimantes
385 2851 492 2896 nihil
522 2852 614 2897 eius
643 2853 814 2911 generis
844 2854 889 2897 in
914 2852 1115 2897 carminis
1136 2856 1188 2898 -et
1214 2852 1435 2896 doctrinae
1464 2852 1589 2908 parte
1617 2844 1703 2902 pri·

148 2936 225 2967 ore
251 2924 512 2983 invenerant,
542 2925 691 2974 statim
712 2924 773 2981 ad
796 2925 983 2979 alteram
1012 2923 1311 2982 confugerunt,
1340 2937 1428 2979 qua
1453 2923 1603 2966 mundi
1629 2922 1703 2967 ad—

1421 3008 1447 3048 2
