1945 3260
521 141 540 164 Ι

733 212 1098 271 ‚-1s-—

180 338 368 383 possum,
396 326 512 383 quin,
528 337 640 382 quae
658 324 845 368 animum
859 327 1133 379 occuparunt,
1159 324 1302 368 omnia
1317 325 1546 369 effundam.
1591 325 1737 370 Verba

181 397 344 443 scilicet
357 397 588 452 Ciceronis,
617 394 772 452 quibus
795 395 1035 438 accuratius
1064 399 1264 439 naturam
1291 395 1468 440 deorum
1495 397 1736 441 nativorum

181 468 386 514 describit
415 468 580 524 „longis
606 465 842 511 intervallis
871 465 1056 509 orientes
1082 465 1446 523 occidentesque“,
1476 482 1554 512 nec
1577 467 1737 512 Schlei-

181 538 420 590 ermacher,
462 539 581 582 cuius
610 537 909 594 interpretatio
937 537 1022 580 iam
1049 551 1077 580 a
1104 537 1284 582 Krische
1311 540 1472 584 reiecta
1501 544 1585 597 est,
1619 543 1737 585 recte

179 610 402 667 intellexit,
431 624 510 654 nec
539 609 718 653 Krische
744 610 848 664 ipse,
880 609 954 663 qui
980 609 1006 652 1.
1037 623 1071 652 c.
1101 624 1172 665 pg.
1202 614 1271 653 47.
1303 611 1358 655 de
1382 616 1480 655 ortu
1508 616 1553 656 et
1579 626 1736 656 occasu

182 681 368 726 siderum
403 682 575 738 cogitat.
602 693 604 696 ’
633 680 791 736 Ecquis
828 692 927 722 vero
965 678 1210 723 Ciceronem
1241 684 1329 724 tam
1369 682 1561 738 ineptum
1602 682 1736 726 fuisse

181 753 408 809 existimet,
445 756 495 796 ut
520 752 673 809 viginti
702 754 906 807 quattuor
927 749 1129 795 horarum
1158 751 1364 809 spatium,
1398 753 1515 797 intra
1539 752 1654 808 quod
1683 753 1737 797 si-

182 824 289 871 dera
312 825 507 868 oriuntur
531 827 576 867 et
604 822 814 875 occidunt,
841 822 1068 876 intervalla
1096 822 1226 878 longa
1255 822 1569 880 adpellaverit?
1603 824 1738 868 Immo

180 890 311 941 verba
336 896 502 940 oriendi
530 899 574 940 et
601 894 821 939 occidendi
850 908 936 938 non
964 894 1137 951 proprie
1162 898 1309 939 nostro
1335 895 1430 939 loco
1452 895 1595 952 posita
1625 887 1738 947 sunt,

181 966 258 1012 sed
283 968 514 1023 translate,
546 968 609 1010 ita
653 970 701 1009 ut
730 966 1021 1009 exstinctionis
1059 966 1275 1009 notionem
1304 968 1559 1011 contineant.
1619 967 1740 1019 Quae

179 1038 479 1095 interpretatio
519 1038 678 1094 optime
717 1038 913 1093 congruit
941 1051 1037 1081 cum
1070 1041 1162 1081 tota
1177 1037 1500 1082 Anaximandri
1530 1038 1737 1088 doctrina.

181 1109 301 1156 cuius
329 1110 466 1165 ipsius
496 1122 590 1153 esse
618 1109 834 1164 viden‘tur,
870 1110 908 1151 si
936 1123 1022 1152 non
1049 1110 1213 1165 omnia,
1242 1113 1289 1152 at
1314 1114 1429 1154 certe
1455 1114 1647 1155 extrema
1670 1124 1739 1154 eo-

179 1195 296 1238 rum,
336 1195 446 1237 quae
484 1172 685 1237 leguntur
721 1180 867 1236 Simpl.
902 1179 1027 1236 Phys.
1066 1180 1139 1223 fol.
1179 1185 1245 1224 6a.
1276 1179 1324 1233 ἐξ
1353 1171 1419 1225 ὦν
1447 1181 1497 1224 δὲ
1524 1177 1552 1238 ἢ
1576 1181 1740 1238 γένεσίς

181 1250 273 1297 ἐστι
296 1260 394 1305 τοῖς
423 1244 537 1304 οὖσι,
567 1252 639 1295 καὶ
667 1247 747 1309 τὴν
787 1248 968 1309 φθορὰν
996 1252 1057 1304 εἰς
1085 1253 1227 1296 ταῦτα
1256 1246 1596 1311 κατὰτὸχρεών·
1623 1248 1740 1297 διδό-

179 1339 254 1367 ναι
280 1321 364 1381 γὰρ
396 1320 510 1367 αὐτὰ
539 1324 726 1367 τίσινκαὶ
755 1324 879 1380 δίκην
909 1325 985 1380 τῆς
1016 1320 1186 1376 ἀδικίας
1216 1321 1330 1368 κατὰ
1353 1322 1436 1382 τὴν
1463 1326 1545 1368 τοῦ
1573 1320 1739 1382 χρόνου

179 1391 319 1450 τάξιν.

318 1468 416 1513 Jam
454 1468 510 1512 ad
538 1482 606 1524 ea,
648 1481 758 1523 quae
788 1467 1071 1511 Anaximenes
1111 1467 1165 1512 de
1201 1467 1332 1511 rebu's
1368 1468 1524 1512 divinis
1551 1468 1740 1513 sensisse

180 1539 339 1597 fer-tur,
377 1540 681 1597 perlustranda
718 1542 990 1583 transeuntes
1020 1539 1166 1583 statim
1200 1539 1245 1583 in
1274 1540 1539 1597 expositione
1565 1541 1741 1585 ineunte

183 1625 368 1657 errorem
397 1612 539 1656 inveni
557 1611 795 1655 admodum
826 1614 1015 1667 turpem,
1051 1612 1210 1668 quippe
1240 1625 1335 1655 cum
1362 1625 1527 1666 aerem,
1558 1625 1684 1668 quem
1712 1624 1742 1656 a

181 1683 436 1741 philosopho
463 1684 561 1741 ipso
577 1683 762 1727 omnium
792 1697 934 1727 rerum
949 1683 1205 1739 principium
1231 1698 1284 1728 ac
1304 1682 1464 1728 fontem
1477 1684 1742 1729 intellectum

183 1762 278 1801 esse
303 1759 420 1801 certo
449 1756 618 1811 scimm,
649 1754 796 1799 Cicero
818 1758 954 1799 totam
979 1755 1070 1798 eius
1097 1754 1336 1800 doctrinam
1363 1755 1557 1800 funditus
1572 1768 1742 1813 perver-

181 1832 278 1871 tens
306 1827 459 1884 gigni
487 1826 657 1870 referat.

320 1897 399 1943 Cui
416 1898 480 1943 rei
506 1898 608 1955 quia
630 1897 794 1955 pariter
822 1911 874 1942 ac
888 1896 1159 1942 Philodemus
1187 1911 1311 1941 nemo
1341 1897 1453 1941 alius
1481 1897 1651 1941 videtur
1678 1896 1742 1940 lu-

184 1949 480 2021 &adferre
495 1985 634 2029 posse,
664 1974 779 2015 recte
802 1971 859 2015 ad
887 1984 983 2015 eum
1009 1970 1212 2027 redimus,
1241 1970 1372 2026 idque
1400 1969 1497 2014 ideo
1523 1969 1668 2014 animo
1692 1968 1742 2012 li-

185 2041 449 2099 bentissimo,
479 2043 594 2099 quod
615 2046 779 2099 septem
808 2042 898 2085 fere
923 2055 1070 2085 versus
1094 2042 1177 2086 huc
1198 2045 1441 2098 spectantes
1454 2042 1568 2085 inter
1585 2039 1744 2085 rudera

188 2114 345 2161 servati
377 2117 489 2158 sunt.
548 2114 769 2171 Leguntur
798 2114 909 2157 enim
938 2127 1009 2170 pg.
1039 2116 1106 2157 65.
1131 2113 1189 2157 ed
1218 2128 1256 2157 v.
1283 2119 1320 2158 1.
1338 2127 1411 2169 sq:
1440 2113 1619 2158 haecce:

248 2191 286 2229 1.
336 2218 346 2229 .
378 2218 389 2228 .
432 2184 568 2230 οἴεται
597 2217 943 2230 .........
952 2215 955 2217 -
1003 2189 1044 2228 4.
1092 2217 1103 2229 .
1135 2217 1146 2228 .
1189 2183 1474 2243 ἐστερημένος
1507 2214 1688 2228 .....

246 2260 283 2300 2.
314 2253 396 2300 τὸν
424 2252 547 2313 ἀέρα
570 2253 681 2301 θεὸν
721 2287 941 2300 ......
1001 2260 1039 2299 5.
1090 2288 1101 2299 .
1132 2288 1143 2300 .
1184 2252 1431 2314 αἰσθήσεως
1467 2285 1687 2298 ......

246 2331 286 2371 3.
335 2360 347 2371 .
378 2360 388 2372 .
429 2331 666 2387 θεωρεῖται
723 2361 940 2372 ......
1002 2334 1041 2373 6.
1093 2362 1103 2372 .
1135 2361 1145 2372 .
1189 2325 1245 2372 τὰ
1269 2324 1482 2387 γενόμενα
1508 2359 1688 2372 .....

1002 2406 1042 2444 7.
1092 2433 1102 2444 .
1133 2434 1144 2444 .
1186 2395 1467 2459 γινόμενακαὶ
1509 2430 1687 2443 .....

328 2473 386 2516 At
414 2475 463 2517 ut
488 2472 660 2528 saepius
690 2472 786 2517 fieri
812 2473 933 2530 solet,
963 2478 1013 2517 ut
1048 2475 1374 2531 exoptatissima
1402 2486 1595 2530 quaeque
1622 2470 1746 2516 nobis

189 2542 288 2600 plus
315 2544 508 2589 minusve
533 2544 808 2601 denegentur,
835 2545 1097 2590 leviacontra
1122 2560 1173 2590 ac
1196 2546 1337 2590 futilia
1364 2545 1607 2602 largissime
1624 2555 1747 2599 prae·

190 2613 397 2671 beantur,
436 2616 498 2659 sic
522 2616 578 2660 de
615 2616 700 2661 illis
731 2631 898 2674 quoque
934 2618 1128 2663 versibus
1157 2618 1326 2662 accidit.
1387 2616 1488 2661 Sine
1516 2615 1604 2660 ullo
1633 2615 1747 2660 enim

190 2688 338 2738 nostro
367 2686 590 2737 commodo
617 2687 693 2734 illa
722 2688 894 2744 quidem
924 2690 1073 2746 verba,
1110 2703 1222 2745 quae
1251 2688 1310 2732 ad
1338 2688 1452 2732 aeris
1479 2687 1748 2731 divinitatem

191 2761 401 2814 spectant,
431 2758 758 2816 diligentissime
786 2760 959 2806 fortuna
988 2762 1186 2817 servavit,
1216 2761 1293 2805 sed
1324 2760 1382 2805 ad
1410 2760 1530 2804 illum
1559 2772 1749 2804 errorem

190 2821 491 2873 illustrandum
525 2830 626 2874 inde
664 2831 771 2875 nihil
805 2833 1031 2878 lucramur.
1090 2834 1242 2889 Itaque
1272 2832 1483 2888 ancipites
1510 2831 1748 2887 haeremus,

190 2902 335 2951 mmm
355 2900 603 2952 Philodamo
630 2905 925 2959 perversitatis
953 2905 1079 2963 culpa
1103 2904 1359 2963 imputanda
1386 2904 1444 2948 sit
1469 2917 1528 2948 an
1541 2902 1748 2957 Ciceroni,

192 2971 314 3026 <mins
336 2973 624 3026 convertendi·
642 2974 864 3031 incuriam,
892 2981 943 3023 ut
964 2977 1078 3024 infra
1088 2977 1492 3033 demonstrabimuS,
1519 2974 1748 3033 aliquoties
