<?xml version="1.0" encoding="UTF-8"?>
<!DOCTYPE html PUBLIC "-//W3C//DTD XHTML 1.0 Transitional//EN"
    "http://www.w3.org/TR/xhtml1/DTD/xhtml1-transitional.dtd">
<html xmlns="http://www.w3.org/1999/xhtml" xml:lang="en" lang="en">
 <head>
  <title>
</title>
<meta http-equiv="Content-Type" content="text/html;charset=utf-8" />
  <meta name='ocr-system' content='tesseract 3.04.00' />
  <meta name='ocr-capabilities' content='ocr_page ocr_carea ocr_par ocr_line ocrx_word'/>
</head>
<body>
  <div class='ocr_page' id='page_1' title='image "./4627452_0032.png"; bbox 0 0 1945 3260; ppageno 0'>
   <div class='ocr_carea' id='block_1_1' title="bbox 840 169 1127 209">
    <p class='ocr_par' dir='ltr' id='par_1_1' title="bbox 840 169 1127 209">
     <span class='ocr_line' id='line_1_1' title="bbox 840 169 1127 209; baseline -0.007 -7"><span class='ocrx_word' id='word_1_1' title='bbox 840 169 1127 209; x_wconf 54' lang='grc' dir='ltr'><strong>,ιο-</strong></span> 
     </span>
    </p>
   </div>
   <div class='ocr_carea' id='block_1_2' title="bbox 205 279 1801 2991">
    <p class='ocr_par' dir='ltr' id='par_1_2' title="bbox 205 279 1799 2627">
     <span class='ocr_line' id='line_1_2' title="bbox 205 279 1775 344; baseline -0.006 -13"><span class='ocrx_word' id='word_1_2' title='bbox 205 284 458 344; x_wconf 85' lang='lat' dir='ltr'><strong>spectabilis</strong></span> <span class='ocrx_word' id='word_1_3' title='bbox 504 283 699 328; x_wconf 79' lang='lat' dir='ltr'><strong>ordinem</strong></span> <span class='ocrx_word' id='word_1_4' title='bbox 738 284 783 326; x_wconf 90' lang='lat' dir='ltr'><strong>et</strong></span> <span class='ocrx_word' id='word_1_5' title='bbox 819 283 1018 325; x_wconf 89' lang='lat' dir='ltr'><strong>ornatum</strong></span> <span class='ocrx_word' id='word_1_6' title='bbox 1054 281 1310 334; x_wconf 80' lang='lat' dir='ltr'><strong>exposuerat</strong></span> <span class='ocrx_word' id='word_1_7' title='bbox 1348 304 1406 309; x_wconf 79' lang='lat'>-</span> <span class='ocrx_word' id='word_1_8' title='bbox 1443 280 1528 324; x_wconf 88' lang='lat' dir='ltr'><strong>iam</strong></span> <span class='ocrx_word' id='word_1_9' title='bbox 1566 280 1612 323; x_wconf 88' lang='lat' dir='ltr'><strong>in</strong></span> <span class='ocrx_word' id='word_1_10' title='bbox 1651 279 1775 323; x_wconf 88' lang='lat' dir='ltr'><strong>initio</strong></span> 
     </span>
     <span class='ocr_line' id='line_1_3' title="bbox 206 350 1764 408; baseline -0.005 -7"><span class='ocrx_word' id='word_1_11' title='bbox 206 357 431 401; x_wconf 82' lang='lat' dir='ltr'><strong>relationis</strong></span> <span class='ocrx_word' id='word_1_12' title='bbox 470 355 718 400; x_wconf 79' lang='lat' dir='ltr'><strong>Ciceronem</strong></span> <span class='ocrx_word' id='word_1_13' title='bbox 761 352 953 396; x_wconf 84' lang='lat' dir='ltr'><strong>videmus</strong></span> <span class='ocrx_word' id='word_1_14' title='bbox 991 351 1134 394; x_wconf 87' lang='lat' dir='ltr'><strong>omnia</strong></span> <span class='ocrx_word' id='word_1_15' title='bbox 1175 350 1441 402; x_wconf 79' lang='lat' dir='ltr'><strong>turbantem,</strong></span> <span class='ocrx_word' id='word_1_16' title='bbox 1491 352 1650 408; x_wconf 86' lang='lat' dir='ltr'><strong>quippe</strong></span> <span class='ocrx_word' id='word_1_17' title='bbox 1682 350 1764 394; x_wconf 72' lang='lat' dir='ltr'><strong>aitz</strong></span> 
     </span>
     <span class='ocr_line' id='line_1_4' title="bbox 208 422 1775 485; baseline -0.005 -12"><span class='ocrx_word' id='word_1_18' title='bbox 208 428 496 485; x_wconf 80' lang='lat' dir='ltr'><strong>„Stephanem</strong></span> <span class='ocrx_word' id='word_1_19' title='bbox 528 426 733 484; x_wconf 90' lang='lat' dir='ltr'><strong>adpellat,</strong></span> <span class='ocrx_word' id='word_1_20' title='bbox 762 424 1005 469; x_wconf 83' lang='lat' dir='ltr'><strong>continente</strong></span> <span class='ocrx_word' id='word_1_21' title='bbox 1027 422 1184 466; x_wconf 88' lang='lat' dir='ltr'><strong>ardore</strong></span> <span class='ocrx_word' id='word_1_22' title='bbox 1211 422 1319 466; x_wconf 89' lang='lat' dir='ltr'><strong>lucis</strong></span> <span class='ocrx_word' id='word_1_23' title='bbox 1348 423 1507 476; x_wconf 90' lang='lat' dir='ltr'><strong>orbem,</strong></span> <span class='ocrx_word' id='word_1_24' title='bbox 1537 424 1612 479; x_wconf 90' lang='lat' dir='ltr'><strong>qui</strong></span> <span class='ocrx_word' id='word_1_25' title='bbox 1641 422 1775 479; x_wconf 84' lang='lat' dir='ltr'><strong>cingit</strong></span> 
     </span>
     <span class='ocr_line' id='line_1_5' title="bbox 206 492 1774 554; baseline -0.004 -11"><span class='ocrx_word' id='word_1_26' title='bbox 206 500 397 543; x_wconf 89' lang='lat' dir='ltr'><strong>caelum:</strong></span> <span class='ocrx_word' id='word_1_27' title='bbox 438 513 566 554; x_wconf 88' lang='lat' dir='ltr'><strong>quem</strong></span> <span class='ocrx_word' id='word_1_28' title='bbox 593 496 784 552; x_wconf 88' lang='lat' dir='ltr'><strong>adpellat</strong></span> <span class='ocrx_word' id='word_1_29' title='bbox 818 494 983 537; x_wconf 83' lang='lat' dir='ltr'><strong>deum.“</strong></span> <span class='ocrx_word' id='word_1_30' title='bbox 1044 492 1115 536; x_wconf 88' lang='lat' dir='ltr'><strong>Sic</strong></span> <span class='ocrx_word' id='word_1_31' title='bbox 1143 493 1255 536; x_wconf 91' lang='lat' dir='ltr'><strong>enim</strong></span> <span class='ocrx_word' id='word_1_32' title='bbox 1299 494 1486 537; x_wconf 89' lang='lat' dir='ltr'><strong>omnium</strong></span> <span class='ocrx_word' id='word_1_33' title='bbox 1520 493 1648 537; x_wconf 89' lang='lat' dir='ltr'><strong>huius</strong></span> <span class='ocrx_word' id='word_1_34' title='bbox 1678 492 1774 536; x_wconf 86' lang='lat' dir='ltr'><strong>doc-</strong></span> 
     </span>
     <span class='ocr_line' id='line_1_6' title="bbox 211 564 1776 623; baseline -0.004 -8"><span class='ocrx_word' id='word_1_35' title='bbox 211 573 352 615; x_wconf 88' lang='lat' dir='ltr'><strong>trinae</strong></span> <span class='ocrx_word' id='word_1_36' title='bbox 392 570 649 615; x_wconf 84' lang='lat' dir='ltr'><strong>testimoniis</strong></span> <span class='ocrx_word' id='word_1_37' title='bbox 696 566 927 623; x_wconf 84' lang='lat' dir='ltr'><strong>diligenter</strong></span> <span class='ocrx_word' id='word_1_38' title='bbox 971 565 1196 621; x_wconf 86' lang='lat' dir='ltr'><strong>perpensis</strong></span> <span class='ocrx_word' id='word_1_39' title='bbox 1242 564 1539 610; x_wconf 88' lang='lat' dir='ltr'><strong>Parmenidem</strong></span> <span class='ocrx_word' id='word_1_40' title='bbox 1583 565 1776 610; x_wconf 85' lang='lat' dir='ltr'><strong>docuisse</strong></span> 
     </span>
     <span class='ocr_line' id='line_1_7' title="bbox 209 635 1776 697; baseline -0.003 -12"><span class='ocrx_word' id='word_1_41' title='bbox 209 642 412 697; x_wconf 81' lang='lat' dir='ltr'><strong>adparet:</strong></span> <span class='ocrx_word' id='word_1_42' title='bbox 438 640 641 683; x_wconf 91' lang='lat' dir='ltr'><strong>mundum</strong></span> <span class='ocrx_word' id='word_1_43' title='bbox 670 651 764 682; x_wconf 88' lang='lat' dir='ltr'><strong>esse</strong></span> <span class='ocrx_word' id='word_1_44' title='bbox 789 637 944 679; x_wconf 91' lang='lat' dir='ltr'><strong>multos</strong></span> <span class='ocrx_word' id='word_1_45' title='bbox 983 635 1109 679; x_wconf 87' lang='lat' dir='ltr'><strong>orbes</strong></span> <span class='ocrx_word' id='word_1_46' title='bbox 1148 635 1441 680; x_wconf 87' lang='lat' dir='ltr'><strong>circumflexos</strong></span> <span class='ocrx_word' id='word_1_47' title='bbox 1481 641 1525 680; x_wconf 90' lang='lat' dir='ltr'><strong>et</strong></span> <span class='ocrx_word' id='word_1_48' title='bbox 1559 638 1621 681; x_wconf 88' lang='lat' dir='ltr'><strong>ita</strong></span> <span class='ocrx_word' id='word_1_49' title='bbox 1651 637 1776 681; x_wconf 85' lang='lat' dir='ltr'><strong>alter-</strong></span> 
     </span>
     <span class='ocr_line' id='line_1_8' title="bbox 211 707 1776 766; baseline -0.003 -10"><span class='ocrx_word' id='word_1_50' title='bbox 211 716 389 763; x_wconf 86' lang='lat' dir='ltr'><strong>nantes,</strong></span> <span class='ocrx_word' id='word_1_51' title='bbox 420 715 470 755; x_wconf 92' lang='lat' dir='ltr'><strong>ut</strong></span> <span class='ocrx_word' id='word_1_52' title='bbox 498 712 609 755; x_wconf 90' lang='lat' dir='ltr'><strong>alter</strong></span> <span class='ocrx_word' id='word_1_53' title='bbox 638 711 737 766; x_wconf 88' lang='lat' dir='ltr'><strong>igne</strong></span> <span class='ocrx_word' id='word_1_54' title='bbox 767 722 842 752; x_wconf 90' lang='lat' dir='ltr'><strong>seu</strong></span> <span class='ocrx_word' id='word_1_55' title='bbox 871 708 987 759; x_wconf 90' lang='lat' dir='ltr'><strong>luce,</strong></span> <span class='ocrx_word' id='word_1_56' title='bbox 1018 707 1128 751; x_wconf 88' lang='lat' dir='ltr'><strong>alter</strong></span> <span class='ocrx_word' id='word_1_57' title='bbox 1158 720 1209 750; x_wconf 88' lang='lat' dir='ltr'><strong>ex</strong></span> <span class='ocrx_word' id='word_1_58' title='bbox 1247 711 1371 751; x_wconf 88' lang='lat' dir='ltr'><strong>noete</strong></span> <span class='ocrx_word' id='word_1_59' title='bbox 1400 711 1567 751; x_wconf 87' lang='lat' dir='ltr'><strong>constet</strong></span> <span class='ocrx_word' id='word_1_60' title='bbox 1593 712 1636 752; x_wconf 87' lang='lat' dir='ltr'><strong>et</strong></span> <span class='ocrx_word' id='word_1_61' title='bbox 1664 709 1776 752; x_wconf 87' lang='lat' dir='ltr'><strong>inter</strong></span> 
     </span>
     <span class='ocr_line' id='line_1_9' title="bbox 208 777 1777 835; baseline -0.004 -7"><span class='ocrx_word' id='word_1_62' title='bbox 208 784 288 828; x_wconf 93' lang='lat' dir='ltr'><strong>hos</strong></span> <span class='ocrx_word' id='word_1_63' title='bbox 318 782 394 827; x_wconf 90' lang='lat' dir='ltr'><strong>alii</strong></span> <span class='ocrx_word' id='word_1_64' title='bbox 434 783 521 826; x_wconf 90' lang='lat' dir='ltr'><strong>sint</strong></span> <span class='ocrx_word' id='word_1_65' title='bbox 557 795 609 825; x_wconf 88' lang='lat' dir='ltr'><strong>ex</strong></span> <span class='ocrx_word' id='word_1_66' title='bbox 638 781 733 824; x_wconf 91' lang='lat' dir='ltr'><strong>luce</strong></span> <span class='ocrx_word' id='word_1_67' title='bbox 772 783 815 823; x_wconf 90' lang='lat' dir='ltr'><strong>et</strong></span> <span class='ocrx_word' id='word_1_68' title='bbox 853 783 978 822; x_wconf 86' lang='lat' dir='ltr'><strong>nocte</strong></span> <span class='ocrx_word' id='word_1_69' title='bbox 1011 778 1144 822; x_wconf 84' lang='lat' dir='ltr'><strong>mixti.</strong></span> <span class='ocrx_word' id='word_1_70' title='bbox 1203 777 1442 832; x_wconf 84' lang='lat' dir='ltr'><strong>Extimum,</strong></span> <span class='ocrx_word' id='word_1_71' title='bbox 1483 779 1596 835; x_wconf 89' lang='lat' dir='ltr'><strong>quod</strong></span> <span class='ocrx_word' id='word_1_72' title='bbox 1631 792 1777 823; x_wconf 89' lang='lat' dir='ltr'><strong>omnes</strong></span> 
     </span>
     <span class='ocr_line' id='line_1_10' title="bbox 212 850 1777 917; baseline -0.004 -16"><span class='ocrx_word' id='word_1_73' title='bbox 212 856 522 917; x_wconf 81' lang='lat' dir='ltr'><strong>complectitur,</strong></span> <span class='ocrx_word' id='word_1_74' title='bbox 553 868 649 898; x_wconf 90' lang='lat' dir='ltr'><strong>esse</strong></span> <span class='ocrx_word' id='word_1_75' title='bbox 677 852 845 896; x_wconf 87' lang='lat' dir='ltr'><strong>firmum</strong></span> <span class='ocrx_word' id='word_1_76' title='bbox 862 854 907 895; x_wconf 90' lang='lat' dir='ltr'><strong>et</strong></span> <span class='ocrx_word' id='word_1_77' title='bbox 926 850 1039 895; x_wconf 86' lang='lat' dir='ltr'><strong>infra</strong></span> <span class='ocrx_word' id='word_1_78' title='bbox 1059 850 1167 894; x_wconf 91' lang='lat' dir='ltr'><strong>illud</strong></span> <span class='ocrx_word' id='word_1_79' title='bbox 1182 850 1327 895; x_wconf 90' lang='lat' dir='ltr'><strong>orbem</strong></span> <span class='ocrx_word' id='word_1_80' title='bbox 1344 851 1537 907; x_wconf 85' lang='lat' dir='ltr'><strong>igneum;</strong></span> <span class='ocrx_word' id='word_1_81' title='bbox 1569 852 1777 905; x_wconf 91' lang='lat' dir='ltr'><strong>intimum,</strong></span> 
     </span>
     <span class='ocr_line' id='line_1_11' title="bbox 213 922 1779 984; baseline -0.003 -13"><span class='ocrx_word' id='word_1_82' title='bbox 213 928 328 984; x_wconf 91' lang='lat' dir='ltr'><strong>quod</strong></span> <span class='ocrx_word' id='word_1_83' title='bbox 359 928 475 970; x_wconf 86' lang='lat' dir='ltr'><strong>intra</strong></span> <span class='ocrx_word' id='word_1_84' title='bbox 505 939 652 970; x_wconf 91' lang='lat' dir='ltr'><strong>omnes</strong></span> <span class='ocrx_word' id='word_1_85' title='bbox 681 926 809 968; x_wconf 91' lang='lat' dir='ltr'><strong>orbes</strong></span> <span class='ocrx_word' id='word_1_86' title='bbox 837 924 916 979; x_wconf 85' lang='lat' dir='ltr'><strong>sit,</strong></span> <span class='ocrx_word' id='word_1_87' title='bbox 945 923 1047 966; x_wconf 90' lang='lat' dir='ltr'><strong>item</strong></span> <span class='ocrx_word' id='word_1_88' title='bbox 1075 922 1243 966; x_wconf 90' lang='lat' dir='ltr'><strong>firmum</strong></span> <span class='ocrx_word' id='word_1_89' title='bbox 1276 928 1318 966; x_wconf 90' lang='lat' dir='ltr'><strong>et</strong></span> <span class='ocrx_word' id='word_1_90' title='bbox 1349 924 1463 967; x_wconf 88' lang='lat' dir='ltr'><strong>circa</strong></span> <span class='ocrx_word' id='word_1_91' title='bbox 1492 924 1597 967; x_wconf 92' lang='lat' dir='ltr'><strong>illud</strong></span> <span class='ocrx_word' id='word_1_92' title='bbox 1631 937 1779 968; x_wconf 89' lang='lat' dir='ltr'><strong>rursus</strong></span> 
     </span>
     <span class='ocr_line' id='line_1_12' title="bbox 214 992 1780 1055; baseline -0.003 -13"><span class='ocrx_word' id='word_1_93' title='bbox 214 999 360 1042; x_wconf 91' lang='lat' dir='ltr'><strong>orbem</strong></span> <span class='ocrx_word' id='word_1_94' title='bbox 390 998 575 1055; x_wconf 86' lang='lat' dir='ltr'><strong>igneum.</strong></span> <span class='ocrx_word' id='word_1_95' title='bbox 635 996 794 1040; x_wconf 91' lang='lat' dir='ltr'><strong>Orbem</strong></span> <span class='ocrx_word' id='word_1_96' title='bbox 824 998 969 1038; x_wconf 87' lang='lat' dir='ltr'><strong>autem</strong></span> <span class='ocrx_word' id='word_1_97' title='bbox 1003 995 1049 1037; x_wconf 91' lang='lat' dir='ltr'><strong>in</strong></span> <span class='ocrx_word' id='word_1_98' title='bbox 1076 994 1217 1038; x_wconf 89' lang='lat' dir='ltr'><strong>medio</strong></span> <span class='ocrx_word' id='word_1_99' title='bbox 1247 994 1382 1038; x_wconf 90' lang='lat' dir='ltr'><strong>totius</strong></span> <span class='ocrx_word' id='word_1_100' title='bbox 1416 992 1562 1038; x_wconf 86' lang='lat' dir='ltr'><strong>mundi</strong></span> <span class='ocrx_word' id='word_1_101' title='bbox 1595 996 1780 1051; x_wconf 85' lang='lat' dir='ltr'><strong>positum</strong></span> 
     </span>
     <span class='ocr_line' id='line_1_13' title="bbox 214 1067 1781 1124; baseline -0.002 -11"><span class='ocrx_word' id='word_1_102' title='bbox 214 1069 413 1113; x_wconf 87' lang='lat' dir='ltr'><strong>omnibus</strong></span> <span class='ocrx_word' id='word_1_103' title='bbox 444 1069 628 1112; x_wconf 85' lang='lat' dir='ltr'><strong>existere</strong></span> <span class='ocrx_word' id='word_1_104' title='bbox 651 1080 825 1112; x_wconf 88' lang='lat' dir='ltr'><strong>causam</strong></span> <span class='ocrx_word' id='word_1_105' title='bbox 852 1067 989 1111; x_wconf 90' lang='lat' dir='ltr'><strong>omnis</strong></span> <span class='ocrx_word' id='word_1_106' title='bbox 1004 1069 1145 1109; x_wconf 89' lang='lat' dir='ltr'><strong>motus</strong></span> <span class='ocrx_word' id='word_1_107' title='bbox 1160 1069 1290 1122; x_wconf 88' lang='lat' dir='ltr'><strong>atque</strong></span> <span class='ocrx_word' id='word_1_108' title='bbox 1319 1067 1623 1124; x_wconf 80' lang='lat' dir='ltr'><strong>generationis,</strong></span> <span class='ocrx_word' id='word_1_109' title='bbox 1653 1081 1781 1123; x_wconf 89' lang='lat' dir='ltr'><strong>quam</strong></span> 
     </span>
     <span class='ocr_line' id='line_1_14' title="bbox 216 1137 1781 1197; baseline -0.001 -13"><span class='ocrx_word' id='word_1_110' title='bbox 216 1140 428 1197; x_wconf 76' lang='lat' dir='ltr'><strong>adpellari</strong></span> <span class='ocrx_word' id='word_1_111' title='bbox 467 1139 602 1183; x_wconf 84' lang='lat' dir='ltr'><strong>Deam</strong></span> <span class='ocrx_word' id='word_1_112' title='bbox 644 1142 689 1182; x_wconf 89' lang='lat' dir='ltr'><strong>et</strong></span> <span class='ocrx_word' id='word_1_113' title='bbox 729 1137 1082 1182; x_wconf 87' lang='lat' dir='ltr'><strong>Gubernatricem</strong></span> <span class='ocrx_word' id='word_1_114' title='bbox 1118 1141 1163 1180; x_wconf 92' lang='lat' dir='ltr'><strong>et</strong></span> <span class='ocrx_word' id='word_1_115' title='bbox 1197 1137 1374 1181; x_wconf 87' lang='lat' dir='ltr'><strong>Vestam</strong></span> <span class='ocrx_word' id='word_1_116' title='bbox 1414 1138 1571 1180; x_wconf 90' lang='lat' dir='ltr'><strong>mundi.</strong></span> <span class='ocrx_word' id='word_1_117' title='bbox 1632 1137 1702 1196; x_wconf 87' lang='lat' dir='ltr'><strong>(cf.</strong></span> <span class='ocrx_word' id='word_1_118' title='bbox 1728 1137 1781 1183; x_wconf 83' lang='lat' dir='ltr'><strong>H.</strong></span> 
     </span>
     <span class='ocr_line' id='line_1_15' title="bbox 216 1208 1785 1265; baseline -0.002 -9"><span class='ocrx_word' id='word_1_119' title='bbox 216 1213 359 1256; x_wconf 88' lang='lat' dir='ltr'><strong>Ritter</strong></span> <span class='ocrx_word' id='word_1_120' title='bbox 389 1215 433 1255; x_wconf 88' lang='lat' dir='ltr'><strong>et</strong></span> <span class='ocrx_word' id='word_1_121' title='bbox 459 1211 508 1255; x_wconf 94' lang='lat' dir='ltr'><strong>L.</strong></span> <span class='ocrx_word' id='word_1_122' title='bbox 543 1211 719 1262; x_wconf 87' lang='lat' dir='ltr'><strong>Preller,</strong></span> <span class='ocrx_word' id='word_1_123' title='bbox 750 1209 944 1253; x_wconf 84' lang='lat' dir='ltr'><strong>Historia</strong></span> <span class='ocrx_word' id='word_1_124' title='bbox 969 1208 1266 1265; x_wconf 83' lang='lat' dir='ltr'><strong>philosophiae</strong></span> <span class='ocrx_word' id='word_1_125' title='bbox 1290 1209 1479 1252; x_wconf 84' lang='lat' dir='ltr'><strong>Graecae</strong></span> <span class='ocrx_word' id='word_1_126' title='bbox 1508 1213 1553 1253; x_wconf 89' lang='lat' dir='ltr'><strong>et</strong></span> <span class='ocrx_word' id='word_1_127' title='bbox 1565 1209 1785 1254; x_wconf 84' lang='lat' dir='ltr'><strong>Romanae</strong></span> 
     </span>
     <span class='ocr_line' id='line_1_16' title="bbox 218 1279 1784 1338; baseline -0.001 -11"><span class='ocrx_word' id='word_1_128' title='bbox 218 1297 272 1328; x_wconf 92' lang='lat' dir='ltr'><strong>ex</strong></span> <span class='ocrx_word' id='word_1_129' title='bbox 308 1281 492 1326; x_wconf 84' lang='lat' dir='ltr'><strong>fontium</strong></span> <span class='ocrx_word' id='word_1_130' title='bbox 529 1282 635 1325; x_wconf 90' lang='lat' dir='ltr'><strong>locis</strong></span> <span class='ocrx_word' id='word_1_131' title='bbox 669 1285 880 1325; x_wconf 88' lang='lat' dir='ltr'><strong>contexta.</strong></span> <span class='ocrx_word' id='word_1_132' title='bbox 923 1280 987 1325; x_wconf 91' lang='lat' dir='ltr'><strong>ed.</strong></span> <span class='ocrx_word' id='word_1_133' title='bbox 1028 1279 1099 1324; x_wconf 90' lang='lat' dir='ltr'><strong>IV.</strong></span> <span class='ocrx_word' id='word_1_134' title='bbox 1140 1279 1306 1323; x_wconf 88' lang='lat' dir='ltr'><strong>Gothae</strong></span> <span class='ocrx_word' id='word_1_135' title='bbox 1352 1280 1500 1338; x_wconf 87' lang='lat'>1869).</span> <span class='ocrx_word' id='word_1_136' title='bbox 1560 1280 1695 1334; x_wconf 83' lang='lat' dir='ltr'><strong>Quam</strong></span> <span class='ocrx_word' id='word_1_137' title='bbox 1727 1280 1784 1326; x_wconf 87' lang='lat' dir='ltr'><strong>ad</strong></span> 
     </span>
     <span class='ocr_line' id='line_1_17' title="bbox 218 1352 1786 1409; baseline -0.001 -10"><span class='ocrx_word' id='word_1_138' title='bbox 218 1355 455 1399; x_wconf 87' lang='lat' dir='ltr'><strong>doctrinam</strong></span> <span class='ocrx_word' id='word_1_139' title='bbox 486 1354 523 1397; x_wconf 87' lang='lat' dir='ltr'><strong>si</strong></span> <span class='ocrx_word' id='word_1_140' title='bbox 552 1354 770 1398; x_wconf 84' lang='lat' dir='ltr'><strong>Ciceronis</strong></span> <span class='ocrx_word' id='word_1_141' title='bbox 800 1353 1128 1409; x_wconf 86' lang='lat' dir='ltr'><strong>explicationem</strong></span> <span class='ocrx_word' id='word_1_142' title='bbox 1165 1352 1394 1408; x_wconf 85' lang='lat' dir='ltr'><strong>exigimus,</strong></span> <span class='ocrx_word' id='word_1_143' title='bbox 1433 1353 1561 1409; x_wconf 90' lang='lat' dir='ltr'><strong>plane</strong></span> <span class='ocrx_word' id='word_1_144' title='bbox 1587 1364 1786 1409; x_wconf 85' lang='lat' dir='ltr'><strong>perverse</strong></span> 
     </span>
     <span class='ocr_line' id='line_1_18' title="bbox 220 1424 1785 1482; baseline 0 -12"><span class='ocrx_word' id='word_1_145' title='bbox 220 1426 300 1471; x_wconf 90' lang='lat' dir='ltr'><strong>Dei</strong></span> <span class='ocrx_word' id='word_1_146' title='bbox 329 1425 476 1470; x_wconf 91' lang='lat' dir='ltr'><strong>sedem</strong></span> <span class='ocrx_word' id='word_1_147' title='bbox 506 1426 552 1468; x_wconf 93' lang='lat' dir='ltr'><strong>in</strong></span> <span class='ocrx_word' id='word_1_148' title='bbox 579 1426 738 1469; x_wconf 90' lang='lat' dir='ltr'><strong>extimo</strong></span> <span class='ocrx_word' id='word_1_149' title='bbox 766 1425 870 1469; x_wconf 88' lang='lat' dir='ltr'><strong>orbe</strong></span> <span class='ocrx_word' id='word_1_150' title='bbox 907 1425 1035 1482; x_wconf 87' lang='lat' dir='ltr'><strong>igneo</strong></span> <span class='ocrx_word' id='word_1_151' title='bbox 1065 1424 1316 1468; x_wconf 88' lang='lat' dir='ltr'><strong>collocatam</strong></span> <span class='ocrx_word' id='word_1_152' title='bbox 1344 1424 1593 1469; x_wconf 87' lang='lat' dir='ltr'><strong>invenimus.</strong></span> <span class='ocrx_word' id='word_1_153' title='bbox 1654 1424 1785 1470; x_wconf 90' lang='lat' dir='ltr'><strong>Cuius</strong></span> 
     </span>
     <span class='ocr_line' id='line_1_19' title="bbox 220 1495 1787 1555; baseline -0.001 -12"><span class='ocrx_word' id='word_1_154' title='bbox 220 1498 379 1543; x_wconf 88' lang='lat' dir='ltr'><strong>erroris</strong></span> <span class='ocrx_word' id='word_1_155' title='bbox 410 1512 604 1555; x_wconf 80' lang='lat' dir='ltr'><strong>causam,</strong></span> <span class='ocrx_word' id='word_1_156' title='bbox 641 1511 738 1541; x_wconf 91' lang='lat' dir='ltr'><strong>cum</strong></span> <span class='ocrx_word' id='word_1_157' title='bbox 768 1497 883 1541; x_wconf 92' lang='lat' dir='ltr'><strong>omni</strong></span> <span class='ocrx_word' id='word_1_158' title='bbox 911 1496 1072 1541; x_wconf 88' lang='lat' dir='ltr'><strong>auxilio</strong></span> <span class='ocrx_word' id='word_1_159' title='bbox 1101 1495 1375 1540; x_wconf 90' lang='lat' dir='ltr'><strong>Philodemeo</strong></span> <span class='ocrx_word' id='word_1_160' title='bbox 1412 1497 1606 1543; x_wconf 90' lang='lat' dir='ltr'><strong>destituti</strong></span> <span class='ocrx_word' id='word_1_161' title='bbox 1643 1500 1787 1555; x_wconf 90' lang='lat' dir='ltr'><strong>simus,</strong></span> 
     </span>
     <span class='ocr_line' id='line_1_20' title="bbox 219 1567 1789 1629; baseline 0 -15"><span class='ocrx_word' id='word_1_162' title='bbox 219 1570 397 1616; x_wconf 86' lang='lat' dir='ltr'><strong>aliunde</strong></span> <span class='ocrx_word' id='word_1_163' title='bbox 424 1574 622 1626; x_wconf 85' lang='lat' dir='ltr'><strong>repetere</strong></span> <span class='ocrx_word' id='word_1_164' title='bbox 648 1568 864 1613; x_wconf 90' lang='lat' dir='ltr'><strong>debemus.</strong></span> <span class='ocrx_word' id='word_1_165' title='bbox 924 1567 1106 1629; x_wconf 85' lang='lat' dir='ltr'><strong>Krische</strong></span> <span class='ocrx_word' id='word_1_166' title='bbox 1135 1567 1286 1624; x_wconf 87' lang='lat' dir='ltr'><strong>igitur,</strong></span> <span class='ocrx_word' id='word_1_167' title='bbox 1316 1572 1364 1611; x_wconf 89' lang='lat' dir='ltr'><strong>ut</strong></span> <span class='ocrx_word' id='word_1_168' title='bbox 1395 1569 1498 1612; x_wconf 92' lang='lat' dir='ltr'><strong>mihi</strong></span> <span class='ocrx_word' id='word_1_169' title='bbox 1527 1570 1698 1626; x_wconf 89' lang='lat' dir='ltr'><strong>quidem</strong></span> <span class='ocrx_word' id='word_1_170' title='bbox 1730 1571 1789 1614; x_wconf 92' lang='lat' dir='ltr'><strong>vi-</strong></span> 
     </span>
     <span class='ocr_line' id='line_1_21' title="bbox 223 1639 1789 1699; baseline 0.001 -14"><span class='ocrx_word' id='word_1_171' title='bbox 223 1643 361 1693; x_wconf 88' lang='lat' dir='ltr'><strong>detur,</strong></span> <span class='ocrx_word' id='word_1_172' title='bbox 394 1642 521 1684; x_wconf 89' lang='lat' dir='ltr'><strong>nimis</strong></span> <span class='ocrx_word' id='word_1_173' title='bbox 551 1639 829 1684; x_wconf 86' lang='lat' dir='ltr'><strong>artificiosam</strong></span> <span class='ocrx_word' id='word_1_174' title='bbox 845 1639 1024 1696; x_wconf 86' lang='lat' dir='ltr'><strong>protulit</strong></span> <span class='ocrx_word' id='word_1_175' title='bbox 1044 1640 1399 1696; x_wconf 87' lang='lat' dir='ltr'><strong>explanationem,</strong></span> <span class='ocrx_word' id='word_1_176' title='bbox 1430 1645 1580 1698; x_wconf 88' lang='lat' dir='ltr'><strong>utpote</strong></span> <span class='ocrx_word' id='word_1_177' title='bbox 1611 1642 1684 1698; x_wconf 90' lang='lat' dir='ltr'><strong>qui</strong></span> <span class='ocrx_word' id='word_1_178' title='bbox 1710 1656 1789 1699; x_wconf 88' lang='lat' dir='ltr'><strong>per</strong></span> 
     </span>
     <span class='ocr_line' id='line_1_22' title="bbox 222 1711 1790 1769; baseline 0.001 -13"><span class='ocrx_word' id='word_1_179' title='bbox 222 1713 561 1756; x_wconf 87' lang='lat' dir='ltr'><strong>enuntiationem</strong></span> <span class='ocrx_word' id='word_1_180' title='bbox 600 1712 825 1757; x_wconf 88' lang='lat' dir='ltr'><strong>relativam</strong></span> <span class='ocrx_word' id='word_1_181' title='bbox 844 1725 847 1728; x_wconf 92' lang='grc'><em>·</em></span> <span class='ocrx_word' id='word_1_182' title='bbox 866 1711 974 1767; x_wconf 82' lang='lat' dir='ltr'><strong>„qui</strong></span> <span class='ocrx_word' id='word_1_183' title='bbox 1013 1711 1147 1767; x_wconf 87' lang='lat' dir='ltr'><strong>cingit</strong></span> <span class='ocrx_word' id='word_1_184' title='bbox 1185 1711 1347 1754; x_wconf 90' lang='lat' dir='ltr'><strong>caelum</strong></span> <span class='ocrx_word' id='word_1_185' title='bbox 1359 1713 1385 1735; x_wconf 84' lang='lat'><em>“</em></span> <span class='ocrx_word' id='word_1_186' title='bbox 1423 1712 1508 1756; x_wconf 90' lang='lat' dir='ltr'><strong>iam</strong></span> <span class='ocrx_word' id='word_1_187' title='bbox 1548 1727 1631 1756; x_wconf 91' lang='lat' dir='ltr'><strong>non</strong></span> <span class='ocrx_word' id='word_1_188' title='bbox 1674 1714 1790 1769; x_wconf 90' lang='lat' dir='ltr'><strong>quod</strong></span> 
     </span>
     <span class='ocr_line' id='line_1_23' title="bbox 222 1771 1791 1841; baseline 0.001 -14"><span class='ocrx_word' id='word_1_189' title='bbox 222 1782 472 1827; x_wconf 88' lang='lat' dir='ltr'><strong>Parmenidi</strong></span> <span class='ocrx_word' id='word_1_190' title='bbox 500 1782 576 1827; x_wconf 88' lang='lat' dir='ltr'><strong>sed</strong></span> <span class='ocrx_word' id='word_1_191' title='bbox 606 1782 801 1827; x_wconf 85' lang='lat' dir='ltr'><strong>Ciceroni</strong></span> <span class='ocrx_word' id='word_1_192' title='bbox 830 1782 914 1839; x_wconf 92' lang='lat' dir='ltr'><strong>ipsi</strong></span> <span class='ocrx_word' id='word_1_193' title='bbox 939 1771 1163 1838; x_wconf 86' lang='lat' dir='ltr'><strong>placuerit,</strong></span> <span class='ocrx_word' id='word_1_194' title='bbox 1195 1782 1345 1826; x_wconf 88' lang='lat' dir='ltr'><strong>referri</strong></span> <span class='ocrx_word' id='word_1_195' title='bbox 1376 1783 1548 1841; x_wconf 87' lang='lat' dir='ltr'><strong>iudicet,</strong></span> <span class='ocrx_word' id='word_1_196' title='bbox 1580 1785 1654 1841; x_wconf 89' lang='lat' dir='ltr'><strong>qui</strong></span> <span class='ocrx_word' id='word_1_197' title='bbox 1682 1784 1791 1829; x_wconf 91' lang='lat' dir='ltr'><strong>nihil</strong></span> 
     </span>
     <span class='ocr_line' id='line_1_24' title="bbox 226 1854 1791 1912; baseline 0.001 -12"><span class='ocrx_word' id='word_1_198' title='bbox 226 1856 280 1900; x_wconf 90' lang='lat' dir='ltr'><strong>de</strong></span> <span class='ocrx_word' id='word_1_199' title='bbox 312 1855 544 1912; x_wconf 78' lang='lat' dir='ltr'><strong>stephanos</strong></span> <span class='ocrx_word' id='word_1_200' title='bbox 574 1856 658 1899; x_wconf 91' lang='lat' dir='ltr'><strong>situ</strong></span> <span class='ocrx_word' id='word_1_201' title='bbox 683 1855 902 1899; x_wconf 90' lang='lat' dir='ltr'><strong>inveniens</strong></span> <span class='ocrx_word' id='word_1_202' title='bbox 933 1855 988 1898; x_wconf 93' lang='lat' dir='ltr'><strong>de</strong></span> <span class='ocrx_word' id='word_1_203' title='bbox 1017 1868 1094 1898; x_wconf 91' lang='lat' dir='ltr'><strong>suo</strong></span> <span class='ocrx_word' id='word_1_204' title='bbox 1123 1854 1235 1899; x_wconf 90' lang='lat' dir='ltr'><strong>hanc</strong></span> <span class='ocrx_word' id='word_1_205' title='bbox 1265 1857 1579 1902; x_wconf 84' lang='lat' dir='ltr'><strong>enarrationem</strong></span> <span class='ocrx_word' id='word_1_206' title='bbox 1613 1858 1791 1902; x_wconf 86' lang='lat' dir='ltr'><strong>adiecis-</strong></span> 
     </span>
     <span class='ocr_line' id='line_1_25' title="bbox 227 1926 1793 1989; baseline 0.002 -18"><span class='ocrx_word' id='word_1_207' title='bbox 227 1931 304 1972; x_wconf 87' lang='lat' dir='ltr'><strong>set.</strong></span> <span class='ocrx_word' id='word_1_208' title='bbox 364 1926 552 1970; x_wconf 87' lang='lat' dir='ltr'><strong>Nimium</strong></span> <span class='ocrx_word' id='word_1_209' title='bbox 583 1930 699 1989; x_wconf 80' lang='lat' dir='ltr'><strong>certe</strong></span> <span class='ocrx_word' id='word_1_210' title='bbox 729 1926 883 1971; x_wconf 87' lang='lat' dir='ltr'><strong>tribuit</strong></span> <span class='ocrx_word' id='word_1_211' title='bbox 911 1926 1156 1983; x_wconf 88' lang='lat' dir='ltr'><strong>indicativo,</strong></span> <span class='ocrx_word' id='word_1_212' title='bbox 1188 1928 1387 1982; x_wconf 87' lang='lat' dir='ltr'><strong>quoniam</strong></span> <span class='ocrx_word' id='word_1_213' title='bbox 1415 1929 1462 1971; x_wconf 93' lang='lat' dir='ltr'><strong>in</strong></span> <span class='ocrx_word' id='word_1_214' title='bbox 1490 1929 1607 1973; x_wconf 90' lang='lat' dir='ltr'><strong>nullo</strong></span> <span class='ocrx_word' id='word_1_215' title='bbox 1636 1943 1793 1986; x_wconf 89' lang='lat' dir='ltr'><strong>genere</strong></span> 
     </span>
     <span class='ocr_line' id='line_1_26' title="bbox 227 1998 1791 2056; baseline 0.001 -13"><span class='ocrx_word' id='word_1_216' title='bbox 227 2000 496 2056; x_wconf 85' lang='lat' dir='ltr'><strong>frequentius</strong></span> <span class='ocrx_word' id='word_1_217' title='bbox 524 2014 551 2042; x_wconf 87' lang='lat' dir='ltr'><strong>a</strong></span> <span class='ocrx_word' id='word_1_218' title='bbox 580 1998 770 2043; x_wconf 88' lang='lat' dir='ltr'><strong>librariis</strong></span> <span class='ocrx_word' id='word_1_219' title='bbox 809 2001 1032 2054; x_wconf 90' lang='lat' dir='ltr'><strong>peccatum</strong></span> <span class='ocrx_word' id='word_1_220' title='bbox 1071 2001 1157 2053; x_wconf 90' lang='lat' dir='ltr'><strong>est,</strong></span> <span class='ocrx_word' id='word_1_221' title='bbox 1196 2012 1323 2054; x_wconf 88' lang='lat' dir='ltr'><strong>quam</strong></span> <span class='ocrx_word' id='word_1_222' title='bbox 1361 2000 1406 2043; x_wconf 90' lang='lat' dir='ltr'><strong>in</strong></span> <span class='ocrx_word' id='word_1_223' title='bbox 1443 2000 1665 2047; x_wconf 77' lang='lat' dir='ltr'><strong>indicativi</strong></span> <span class='ocrx_word' id='word_1_224' title='bbox 1696 2016 1791 2046; x_wconf 90' lang='lat' dir='ltr'><strong>cum</strong></span> 
     </span>
     <span class='ocr_line' id='line_1_27' title="bbox 229 2068 1793 2125; baseline 0.001 -10"><span class='ocrx_word' id='word_1_225' title='bbox 229 2068 497 2115; x_wconf 84' lang='lat' dir='ltr'><strong>coniunctivo</strong></span> <span class='ocrx_word' id='word_1_226' title='bbox 526 2070 784 2113; x_wconf 86' lang='lat' dir='ltr'><strong>confusione.</strong></span> <span class='ocrx_word' id='word_1_227' title='bbox 845 2069 940 2112; x_wconf 91' lang='lat' dir='ltr'><strong>Huc</strong></span> <span class='ocrx_word' id='word_1_228' title='bbox 970 2069 1158 2125; x_wconf 86' lang='lat' dir='ltr'><strong>accedit,</strong></span> <span class='ocrx_word' id='word_1_229' title='bbox 1197 2070 1310 2125; x_wconf 90' lang='lat' dir='ltr'><strong>quod</strong></span> <span class='ocrx_word' id='word_1_230' title='bbox 1339 2073 1455 2115; x_wconf 88' lang='lat' dir='ltr'><strong>totus</strong></span> <span class='ocrx_word' id='word_1_231' title='bbox 1486 2071 1605 2116; x_wconf 88' lang='lat' dir='ltr'><strong>locus</strong></span> <span class='ocrx_word' id='word_1_232' title='bbox 1631 2072 1706 2117; x_wconf 90' lang='lat' dir='ltr'><strong>isti</strong></span> <span class='ocrx_word' id='word_1_233' title='bbox 1730 2073 1793 2117; x_wconf 89' lang='lat' dir='ltr'><strong>in-</strong></span> 
     </span>
     <span class='ocr_line' id='line_1_28' title="bbox 230 2140 1795 2203; baseline 0.002 -17"><span class='ocrx_word' id='word_1_234' title='bbox 230 2141 528 2199; x_wconf 88' lang='lat' dir='ltr'><strong>terpretationi</strong></span> <span class='ocrx_word' id='word_1_235' title='bbox 561 2143 794 2198; x_wconf 87' lang='lat' dir='ltr'><strong>repugnat,</strong></span> <span class='ocrx_word' id='word_1_236' title='bbox 833 2155 962 2203; x_wconf 71' lang='lat' dir='ltr'><strong>vquem</strong></span> <span class='ocrx_word' id='word_1_237' title='bbox 1002 2141 1131 2185; x_wconf 87' lang='lat' dir='ltr'><strong>etiam</strong></span> <span class='ocrx_word' id='word_1_238' title='bbox 1166 2140 1346 2186; x_wconf 88' lang='lat' dir='ltr'><strong>Krische</strong></span> <span class='ocrx_word' id='word_1_239' title='bbox 1386 2143 1448 2187; x_wconf 90' lang='lat' dir='ltr'><strong>ita</strong></span> <span class='ocrx_word' id='word_1_240' title='bbox 1473 2143 1685 2202; x_wconf 89' lang='lat' dir='ltr'><strong>intellegit</strong></span> <span class='ocrx_word' id='word_1_241' title='bbox 1698 2179 1707 2197; x_wconf 98' lang='lat'><strong>,</strong></span> <span class='ocrx_word' id='word_1_242' title='bbox 1746 2151 1795 2190; x_wconf 90' lang='lat' dir='ltr'><strong>ut</strong></span> 
     </span>
     <span class='ocr_line' id='line_1_29' title="bbox 230 2213 1795 2274; baseline 0.003 -16"><span class='ocrx_word' id='word_1_243' title='bbox 230 2216 362 2258; x_wconf 87' lang='lat' dir='ltr'><strong>verba</strong></span> <span class='ocrx_word' id='word_1_244' title='bbox 389 2214 663 2270; x_wconf 87' lang='lat' dir='ltr'><strong>„continente</strong></span> <span class='ocrx_word' id='word_1_245' title='bbox 692 2213 848 2257; x_wconf 89' lang='lat' dir='ltr'><strong>ardore</strong></span> <span class='ocrx_word' id='word_1_246' title='bbox 886 2213 994 2257; x_wconf 90' lang='lat' dir='ltr'><strong>lucis</strong></span> <span class='ocrx_word' id='word_1_247' title='bbox 1021 2214 1195 2258; x_wconf 89' lang='lat' dir='ltr'><strong>orbem“</strong></span> <span class='ocrx_word' id='word_1_248' title='bbox 1232 2215 1474 2272; x_wconf 85' lang='lat' dir='ltr'><strong>explicandi</strong></span> <span class='ocrx_word' id='word_1_249' title='bbox 1504 2231 1634 2261; x_wconf 89' lang='lat' dir='ltr'><strong>causa</strong></span> <span class='ocrx_word' id='word_1_250' title='bbox 1661 2217 1795 2274; x_wconf 89' lang='lat' dir='ltr'><strong>adpo-</strong></span> 
     </span>
     <span class='ocr_line' id='line_1_30' title="bbox 231 2284 1796 2346; baseline 0.003 -16"><span class='ocrx_word' id='word_1_251' title='bbox 231 2287 317 2330; x_wconf 91' lang='lat' dir='ltr'><strong>sita</strong></span> <span class='ocrx_word' id='word_1_252' title='bbox 347 2299 442 2329; x_wconf 88' lang='lat' dir='ltr'><strong>esse</strong></span> <span class='ocrx_word' id='word_1_253' title='bbox 469 2284 693 2338; x_wconf 76' lang='lat' dir='ltr'><strong>concedat3</strong></span> <span class='ocrx_word' id='word_1_254' title='bbox 722 2289 987 2342; x_wconf 88' lang='lat' dir='ltr'><strong>quapropter</strong></span> <span class='ocrx_word' id='word_1_255' title='bbox 1004 2287 1187 2329; x_wconf 88' lang='lat' dir='ltr'><strong>maxime</strong></span> <span class='ocrx_word' id='word_1_256' title='bbox 1202 2292 1534 2332; x_wconf 78' lang='lat' dir='ltr'><strong>cousentaneum</strong></span> <span class='ocrx_word' id='word_1_257' title='bbox 1557 2294 1635 2346; x_wconf 87' lang='lat' dir='ltr'><strong>est,</strong></span> <span class='ocrx_word' id='word_1_258' title='bbox 1665 2304 1796 2334; x_wconf 90' lang='lat' dir='ltr'><strong>enun-</strong></span> 
     </span>
     <span class='ocr_line' id='line_1_31' title="bbox 231 2356 1796 2414; baseline 0.003 -13"><span class='ocrx_word' id='word_1_259' title='bbox 231 2358 454 2401; x_wconf 90' lang='lat' dir='ltr'><strong>tiationem</strong></span> <span class='ocrx_word' id='word_1_260' title='bbox 483 2370 652 2412; x_wconf 91' lang='lat' dir='ltr'><strong>quoque</strong></span> <span class='ocrx_word' id='word_1_261' title='bbox 677 2356 926 2412; x_wconf 86' lang='lat' dir='ltr'><strong>relativam,</strong></span> <span class='ocrx_word' id='word_1_262' title='bbox 955 2370 1064 2411; x_wconf 88' lang='lat' dir='ltr'><strong>quae</strong></span> <span class='ocrx_word' id='word_1_263' title='bbox 1094 2357 1179 2400; x_wconf 90' lang='lat' dir='ltr'><strong>illis</strong></span> <span class='ocrx_word' id='word_1_264' title='bbox 1207 2359 1349 2403; x_wconf 89' lang='lat' dir='ltr'><strong>verbis</strong></span> <span class='ocrx_word' id='word_1_265' title='bbox 1380 2360 1548 2405; x_wconf 87' lang='lat' dir='ltr'><strong>adnexa</strong></span> <span class='ocrx_word' id='word_1_266' title='bbox 1579 2366 1656 2414; x_wconf 90' lang='lat' dir='ltr'><strong>est,</strong></span> <span class='ocrx_word' id='word_1_267' title='bbox 1688 2362 1796 2406; x_wconf 87' lang='lat' dir='ltr'><strong>eius-</strong></span> 
     </span>
     <span class='ocr_line' id='line_1_32' title="bbox 233 2428 1796 2492; baseline 0.004 -20"><span class='ocrx_word' id='word_1_268' title='bbox 233 2429 330 2472; x_wconf 90' lang='lat' dir='ltr'><strong>dem</strong></span> <span class='ocrx_word' id='word_1_269' title='bbox 360 2428 657 2484; x_wconf 88' lang='lat' dir='ltr'><strong>explicationis</strong></span> <span class='ocrx_word' id='word_1_270' title='bbox 687 2431 855 2484; x_wconf 86' lang='lat' dir='ltr'><strong>partem</strong></span> <span class='ocrx_word' id='word_1_271' title='bbox 880 2431 1047 2486; x_wconf 84' lang='lat' dir='ltr'><strong>putare.</strong></span> <span class='ocrx_word' id='word_1_272' title='bbox 1106 2429 1278 2474; x_wconf 85' lang='lat' dir='ltr'><strong>Erravit</strong></span> <span class='ocrx_word' id='word_1_273' title='bbox 1314 2429 1416 2489; x_wconf 82' lang='lat' dir='ltr'><strong>er&#39;go</strong></span> <span class='ocrx_word' id='word_1_274' title='bbox 1445 2432 1594 2477; x_wconf 90' lang='lat' dir='ltr'><strong>Cicero</strong></span> <span class='ocrx_word' id='word_1_275' title='bbox 1632 2434 1699 2478; x_wconf 88' lang='lat' dir='ltr'><strong>vel</strong></span> <span class='ocrx_word' id='word_1_276' title='bbox 1722 2448 1796 2492; x_wconf 89' lang='lat' dir='ltr'><strong>po-</strong></span> 
     </span>
     <span class='ocr_line' id='line_1_33' title="bbox 232 2499 1799 2560; baseline 0.004 -16"><span class='ocrx_word' id='word_1_277' title='bbox 232 2501 320 2544; x_wconf 90' lang='lat' dir='ltr'><strong>tius</strong></span> <span class='ocrx_word' id='word_1_278' title='bbox 352 2499 639 2556; x_wconf 86' lang='lat' dir='ltr'><strong>Philodemus,</strong></span> <span class='ocrx_word' id='word_1_279' title='bbox 667 2500 737 2543; x_wconf 89' lang='lat' dir='ltr'><strong>cui</strong></span> <span class='ocrx_word' id='word_1_280' title='bbox 763 2503 811 2543; x_wconf 89' lang='lat' dir='ltr'><strong>ut</strong></span> <span class='ocrx_word' id='word_1_281' title='bbox 837 2500 929 2543; x_wconf 86' lang='lat' dir='ltr'><strong>viro</strong></span> <span class='ocrx_word' id='word_1_282' title='bbox 960 2499 1172 2555; x_wconf 87' lang='lat' dir='ltr'><strong>Epicureo</strong></span> <span class='ocrx_word' id='word_1_283' title='bbox 1201 2501 1276 2545; x_wconf 89' lang='lat' dir='ltr'><strong>illa</strong></span> <span class='ocrx_word' id='word_1_284' title='bbox 1296 2503 1515 2560; x_wconf 88' lang='lat' dir='ltr'><strong>stephane,</strong></span> <span class='ocrx_word' id='word_1_285' title='bbox 1542 2506 1630 2550; x_wconf 88' lang='lat' dir='ltr'><strong>sive</strong></span> <span class='ocrx_word' id='word_1_286' title='bbox 1657 2505 1799 2551; x_wconf 91' lang='lat' dir='ltr'><strong>media</strong></span> 
     </span>
     <span class='ocr_line' id='line_1_34' title="bbox 235 2572 1552 2627; baseline 0.005 -12"><span class='ocrx_word' id='word_1_287' title='bbox 235 2575 330 2616; x_wconf 87' lang='lat' dir='ltr'><strong>erat</strong></span> <span class='ocrx_word' id='word_1_288' title='bbox 359 2572 448 2615; x_wconf 89' lang='lat' dir='ltr'><strong>sive</strong></span> <span class='ocrx_word' id='word_1_289' title='bbox 478 2572 652 2622; x_wconf 88' lang='lat' dir='ltr'><strong>extima,</strong></span> <span class='ocrx_word' id='word_1_290' title='bbox 683 2575 800 2615; x_wconf 88' lang='lat' dir='ltr'><strong>certe</strong></span> <span class='ocrx_word' id='word_1_291' title='bbox 826 2585 964 2627; x_wconf 90' lang='lat' dir='ltr'><strong>aeque</strong></span> <span class='ocrx_word' id='word_1_292' title='bbox 995 2574 1288 2617; x_wconf 89' lang='lat' dir='ltr'><strong>commenticia</strong></span> <span class='ocrx_word' id='word_1_293' title='bbox 1314 2576 1552 2621; x_wconf 86' lang='lat' dir='ltr'><strong>videbatur.</strong></span> 
     </span>
    </p>

    <p class='ocr_par' dir='ltr' id='par_1_3' title="bbox 235 2641 1801 2913">
     <span class='ocr_line' id='line_1_35' title="bbox 375 2641 1798 2703; baseline 0.006 -19"><span class='ocrx_word' id='word_1_294' title='bbox 375 2641 499 2693; x_wconf 87' lang='lat' dir='ltr'><strong>Quod</strong></span> <span class='ocrx_word' id='word_1_295' title='bbox 522 2641 579 2685; x_wconf 88' lang='lat' dir='ltr'><strong>ad</strong></span> <span class='ocrx_word' id='word_1_296' title='bbox 603 2641 784 2686; x_wconf 88' lang='lat' dir='ltr'><strong>alteram</strong></span> <span class='ocrx_word' id='word_1_297' title='bbox 813 2642 1074 2686; x_wconf 85' lang='lat' dir='ltr'><strong>narrationis</strong></span> <span class='ocrx_word' id='word_1_298' title='bbox 1090 2641 1395 2695; x_wconf 82' lang='lat' dir='ltr'><strong>Ciceronianae</strong></span> <span class='ocrx_word' id='word_1_299' title='bbox 1424 2650 1591 2703; x_wconf 88' lang='lat' dir='ltr'><strong>partem</strong></span> <span class='ocrx_word' id='word_1_300' title='bbox 1620 2647 1798 2702; x_wconf 87' lang='lat' dir='ltr'><strong>adtinet,</strong></span> 
     </span>
     <span class='ocr_line' id='line_1_36' title="bbox 235 2711 1799 2777; baseline 0.007 -23"><span class='ocrx_word' id='word_1_301' title='bbox 235 2711 434 2755; x_wconf 90' lang='lat' dir='ltr'><strong>idoneam</strong></span> <span class='ocrx_word' id='word_1_302' title='bbox 464 2712 588 2755; x_wconf 91' lang='lat' dir='ltr'><strong>nobis</strong></span> <span class='ocrx_word' id='word_1_303' title='bbox 615 2714 840 2756; x_wconf 89' lang='lat' dir='ltr'><strong>materiam</strong></span> <span class='ocrx_word' id='word_1_304' title='bbox 870 2713 1145 2757; x_wconf 86' lang='lat' dir='ltr'><strong>Philodemus</strong></span> <span class='ocrx_word' id='word_1_305' title='bbox 1175 2716 1376 2771; x_wconf 89' lang='lat' dir='ltr'><strong>praebet,</strong></span> <span class='ocrx_word' id='word_1_306' title='bbox 1415 2732 1613 2775; x_wconf 79' lang='lat' dir='ltr'><strong>namque·</strong></span> <span class='ocrx_word' id='word_1_307' title='bbox 1628 2734 1698 2777; x_wconf 89' lang='lat' dir='ltr'><strong>pg.</strong></span> <span class='ocrx_word' id='word_1_308' title='bbox 1725 2724 1799 2765; x_wconf 40' lang='lat'><strong>¹68.</strong></span> 
     </span>
     <span class='ocr_line' id='line_1_37' title="bbox 238 2780 1801 2846; baseline 0.007 -20"><span class='ocrx_word' id='word_1_309' title='bbox 238 2787 264 2826; x_wconf 84' lang='lat'><strong>5</strong></span> <span class='ocrx_word' id='word_1_310' title='bbox 279 2797 318 2828; x_wconf 89' lang='lat' dir='ltr'><strong>a.</strong></span> <span class='ocrx_word' id='word_1_311' title='bbox 348 2782 393 2827; x_wconf 93' lang='lat' dir='ltr'><strong>hi</strong></span> <span class='ocrx_word' id='word_1_312' title='bbox 433 2787 598 2839; x_wconf 91' lang='lat' dir='ltr'><strong>septem</strong></span> <span class='ocrx_word' id='word_1_313' title='bbox 626 2796 774 2828; x_wconf 88' lang='lat' dir='ltr'><strong>versus</strong></span> <span class='ocrx_word' id='word_1_314' title='bbox 804 2780 1067 2841; x_wconf 82' lang='grc' dir='ltr'><strong><em>α’δέσποτοι,</em></strong></span> <span class='ocrx_word' id='word_1_315' title='bbox 1106 2799 1213 2841; x_wconf 91' lang='lat' dir='ltr'><strong>quos</strong></span> <span class='ocrx_word' id='word_1_316' title='bbox 1248 2786 1420 2846; x_wconf 85' lang='lat' dir='ltr'><strong>Sauppe</strong></span> <span class='ocrx_word' id='word_1_317' title='bbox 1462 2791 1695 2836; x_wconf 87' lang='lat' dir='ltr'><strong>rectissime</strong></span> <span class='ocrx_word' id='word_1_318' title='bbox 1723 2791 1801 2837; x_wconf 85' lang='lat' dir='ltr'><strong>ad·</strong></span> 
     </span>
     <span class='ocr_line' id='line_1_38' title="bbox 237 2853 1277 2913; baseline 0.003 -13"><span class='ocrx_word' id='word_1_319' title='bbox 237 2855 446 2900; x_wconf 87' lang='lat' dir='ltr'><strong>iudicavit</strong></span> <span class='ocrx_word' id='word_1_320' title='bbox 469 2854 728 2908; x_wconf 88' lang='lat' dir='ltr'><strong>Parmenidi,</strong></span> <span class='ocrx_word' id='word_1_321' title='bbox 757 2856 978 2913; x_wconf 84' lang='lat' dir='ltr'><strong>leguntur:</strong></span> <span class='ocrx_word' id='word_1_322' title='bbox 1043 2853 1125 2901; x_wconf 79' lang='grc' dir='ltr'><strong>τόν</strong></span> <span class='ocrx_word' id='word_1_323' title='bbox 1154 2891 1165 2902; x_wconf 91' lang='grc'><strong>.</strong></span> <span class='ocrx_word' id='word_1_324' title='bbox 1190 2893 1199 2902; x_wconf 93' lang='grc'><strong>.</strong></span> <span class='ocrx_word' id='word_1_325' title='bbox 1229 2892 1239 2902; x_wconf 95' lang='grc'>.</span> <span class='ocrx_word' id='word_1_326' title='bbox 1267 2891 1277 2903; x_wconf 91' lang='grc'><em>.</em></span> 
     </span>
    </p>

    <p class='ocr_par' dir='ltr' id='par_1_4' title="bbox 295 2921 1568 2991">
     <span class='ocr_line' id='line_1_39' title="bbox 295 2921 1568 2991; baseline 0.006 -22"><span class='ocrx_word' id='word_1_327' title='bbox 295 2929 336 2970; x_wconf 73' lang='lat'><strong>2.</strong></span> <span class='ocrx_word' id='word_1_328' title='bbox 362 2940 412 2969; x_wconf 78' lang='grc' dir='ltr'><strong>τε</strong></span> <span class='ocrx_word' id='word_1_329' title='bbox 439 2926 628 2982; x_wconf 75' lang='grc' dir='ltr'><em>πρῶτον</em></span> <span class='ocrx_word' id='word_1_330' title='bbox 650 2921 763 2969; x_wconf 75' lang='grc' dir='ltr'><strong>θεὸν</strong></span> <span class='ocrx_word' id='word_1_331' title='bbox 790 2923 837 2970; x_wconf 81' lang='grc' dir='ltr'><strong>ἄ·</strong></span> <span class='ocrx_word' id='word_1_332' title='bbox 1046 2931 1085 2973; x_wconf 77' lang='lat'><strong>5.</strong></span> <span class='ocrx_word' id='word_1_333' title='bbox 1115 2925 1177 2972; x_wconf 85' lang='grc' dir='ltr'><strong>πὸ</strong></span> <span class='ocrx_word' id='word_1_334' title='bbox 1203 2926 1370 2975; x_wconf 75' lang='grc' dir='ltr'><em>τούτου</em></span> <span class='ocrx_word' id='word_1_335' title='bbox 1396 2929 1456 2976; x_wconf 81' lang='grc' dir='ltr'><strong>,τὰ</strong></span> <span class='ocrx_word' id='word_1_336' title='bbox 1484 2932 1568 2991; x_wconf 76' lang='grc' dir='ltr'><strong>μὲν</strong></span> 
     </span>
    </p>
   </div>
  </div>
 </body>
</html>
