1945 3260
912 629 982 685 A.

831 769 984 837 Caput
1017 771 1056 824 Ι.

170 882 426 937 Adferantur
455 896 621 937 causa-e,
662 884 804 937 quibus
839 883 894 924 ad
922 883 1163 925 credendum
1192 884 1454 929 adducimur,
1498 883 1725 925 Ciceronem

167 980 249 1009 non
276 971 356 1010 iam
387 981 412 1009 a
443 970 641 1021 principio
672 968 872 1009 librorum
899 972 946 1010 de
975 976 1128 1010 natura
1158 969 1323 1011 deorum
1353 971 1394 1011 id
1420 975 1554 1023 eyaesse,
1583 978 1629 1010 ut
1657 982 1725 1009 su-

319 1056 527 1105 periorum
553 1052 887 1106 philosophorum
914 1055 962 1095 de
983 1055 1056 1095 diis
1083 1043 1284 1096 doctrinas
1312 1063 1576 1108 percenseret.

306 1177 432 1243 Quae
454 1199 499 1242 in
529 1198 666 1256 primo
697 1198 751 1243 de
779 1203 936 1245 natura
965 1200 1141 1245 deorum
1170 1202 1281 1246 libro
1302 1203 1347 1245 G.
1367 1201 1565 1253 Velleius,
1596 1204 1722 1256 q'uem

167 1271 313 1313 Cicero
332 1275 476 1314 sectae
491 1270 729 1332 Epicureae
749 1286 922 1316 causam
942 1272 1045 1317 fecit
1062 1277 1274 1330 agentem,
1301 1276 1502 1317 continua
1531 1273 1725 1317 oratione

166 1343 387 1393 disseruit,
427 1356 571 1386 eorum
613 1346 700 1396 tres
740 1343 865 1395 facile
896 1348 1078 1401 possunt
1116 1345 1309 1402 dignosci
1336 1349 1501 1402 partes,
1543 1357 1724 1400 quarum

163 1415 304 1471 prima
328 1420 371 1458 et
391 1414 583 1458 Platonis
607 1415 662 1458 de
688 1415 782 1467 deo,
809 1416 962 1472 opifice
992 1416 1141 1460 mundi
1164 1421 1209 1461 et
1234 1416 1522 1467 aedificatore,
1554 1419 1721 1459 senteu-

163 1488 226 1531 tia
264 1487 503 1544 deridetur,
541 1491 585 1531 et
623 1487 881 1540 Stoicorum,
925 1502 1057 1544 quam·
1092 1488 1147 1533 de
1184 1489 1455 1545 providentia
1492 1492 1537 1532 et
1564 1486 1724 1530 mundo

95 1583 97 1585 -
149 1559 307 1602 animo
334 1559 614 1614 sensibusque
643 1559 841 1615 praedito
869 1564 1124 1616 posuerunt;
1154 1561 1294 1604 altera
1322 1565 1465 1604 autem
1494 1572 1597 1616 pars
1627 1558 1721 1602 bre-

119 1620 123 1623 *
161 1644 254 1674 vem
279 1630 542 1687 opinionum,
585 1645 692 1686 quas
718 1624 963 1687 superieres
992 1631 1236 1689 philosophi
1265 1632 1319 1675 de
1348 1632 1431 1674 diis
1459 1617 1723 1680 habuissent,

120 1716 123 1717 ⁷
163 1702 475 1745 enarrationem
514 1706 558 1745 et
595 1701 896 1746 refutationem
931 1704 1142 1758 continet3
1180 1704 1311 1747 tertia
1345 1703 1529 1758 denique
1558 1702 1724 1756 aliquot

162 1773 340 1830 Epicuri
367 1775 505 1831 ipsius
535 1774 698 1830 placita
728 1772 968 1831 theologica
996 1775 1275 1831 explicantur.
1334 1774 1522 1818 Primam
1550 1786 1651 1817 vero
1680 1776 1725 1817 et

162 1845 393 1889 secundam
443 1846 649 1889 orationis
678 1849 866 1901 partem,
905 1846 993 1889 sive
1025 1846 1083 1890 ad
1118 1860 1261 1890 rerum
1298 1860 1453 1889 nexum
1481 1844 1722 1900 respicitur,

162 1915 252 1959 sive
271 1917 328 1961 ad
354 1917 573 1973 scriptoris
600 1917 832 1970 consilium,
864 1917 979 1972 quod
1007 1917 1121 1961 idem
1149 1917 1268 1961 haud
1296 1912 1476 1961 obscure
1503 1915 1721 1966 indicavit,

162 2001 250 2032 non
272 1992 359 2033 tam
393 2003 518 2045 quam
549 1992 747 2045 oporteat
775 1992 894 2033 arcte
923 1989 1036 2033 inter
1065 2003 1112 2034 se
1140 1988 1380 2041 cohaerere,
1410 2001 1534 2032 nemo
1560 1986 1722 2030 infitias

159 2060 253 2116 ibit,
284 2061 357 2116 qui
379 2062 620 2105 accuratius
649 2061 795 2116 paullo
823 2061 942 2105 illam
970 2062 1204 2106 orationem
1231 2061 1474 2118 perlegerit.
1532 2058 1722 2103 Difficul—

159 2134 251 2175 tate
280 2133 391 2175 enim
433 2136 478 2175 et
505 2132 767 2178 obscuritate
798 2132 1061 2187 quaestionis
1090 2132 1145 2176 de
1173 2135 1330 2176 natura
1353 2131 1530 2176 deorum
1559 2129 1721 2187 signifi-

160 2205 271 2254 cata,
309 2206 444 2247 totam
473 2216 564 2247 rem
594 2216 852 2258 causamque
880 2203 1028 2247 Cicero
1057 2199 1115 2247 ad
1143 2203 1262 2247 illam
1290 2206 1465 2246 revocat
1494 2202 1720 2245 dissensio-

159 2287 276 2328 nem,
322 2278 473 2319 utrum‘
500 2275 608 2319 nihil
643 2274 705 2318 dii
742 2278 897 2332 agant,
930 2275 1039 2318 nihil
1073 2272 1302 2318 moliantur
1340 2274 1539 2329 omnique
1576 2287 1718 2316 rerum

160 2347 384 2392 curatione
424 2352 468 2392 et
501 2347 874 2392 administratione
911 2351 1086 2404 vacent,
1124 2361 1181 2391 an
1216 2350 1366 2391 contra
1402 2345 1457 2390 ab
1485 2345 1547 2389 eis
1573 2349 1665 2389 tam
1691 2359 1719 2388 a

158 2418 370 2476 principio
400 2420 543 2464 omnia
571 2419 690 2464 facta
719 2421 763 2464 et
788 2419 1021 2464 constituta
1049 2419 1155 2481 sint,
1198 2432 1325 2474 quam
1354 2418 1399 2461 in
1426 2421 1596 2473 tempus
1625 2415 1717 2459 infi-

159 2491 295 2536 nitum
321 2496 527 2549 regantur
556 2495 687 2547 atque
718 2495 979 2537 moveantur.
1039 2491 1166 2536 Unde
1192 2504 1289 2534 eum
1320 2489 1507 2534 dilucide
1530 2488 1719 2545 ¹adparet

160 2561 397 2607 Stoicorum
419 2563 643 2607 dumtaxat
662 2566 707 2606 et
721 2562 1026 2619 Epicureorum
1044 2562 1262 2607 doctrinas
1279 2561 1464 2605 voluisse
1493 2572 1717 2616 exponere,

159 2637 204 2678 et
229 2635 293 2679 ita
312 2634 498 2690 quidem,
525 2639 574 2678 ut
602 2636 821 2691 perpetuis
835 2635 1057 2691 utriusque
1086 2633 1258 2678 scholae
1288 2632 1558 2676 defensorum
1588 2630 1717 2674 orati-

159 2705 312 2751 onibus
350 2707 627 2765 subiungeret
667 2707 1016 2752 diiudicationem
1049 2720 1102 2751 ac
1128 2704 1430 2750 refutationem
1460 2702 1719 2757 easdemque

158 2778 255 2822 telis
304 2783 348 2824 et
394 2779 576 2825 fallaciis
624 2780 877 2825 academiae·
911 2780 1163 2825 recentioris
1201 2779 1247 2822 in
1285 2781 1511 2832 utramque
1548 2779 1718 2832 partem

159 2850 407 2896 disserendo
436 2852 730 2897 labefactaret.
788 2853 967 2897 Praeter
997 2866 1166 2898 omnem
1194 2851 1328 2909 igitur
1354 2848 1718 2905 exspectationem

156 2936 296 2979 neque
340 2923 613 2970 artificiosius
645 2924 858 2989 Velleius,
897 2939 1023 2982 quem
1052 2925 1263 2971 Platiouis
1287 2926 1333 2968 et
1357 2922 1597 3032 Stoicoruiln
1626 2933 1718 2964 sen·
