1945 3260
846 241 1104 283 ...um

200 353 444 409 philosophi
471 353 741 405 habuissent,
782 364 1012 408 exponere,
1052 351 1129 395 sed
1157 352 1225 396 vel
1247 353 1295 396 in
1325 354 1421 409 ipso
1449 353 1759 398 conscribendo

201 423 312 468 libro
337 424 405 468 vel
434 425 481 468 in
514 422 789 468 retractando
816 422 959 467 nescio
988 436 1074 480 qua
1109 437 1241 468 causa
1277 429 1532 470 commotum
1556 438 1674 477 esse,
1709 427 1759 468 111

198 495 318 538 illam
354 495 642 539 narrationem
671 494 856 537 orationi
883 508 987 547 suae
1014 495 1246 546 intexeret,
1287 509 1427 552 neque
1452 510 1612 547 eorum,
1644 508 1757 550 quae

199 569 329 609 antea
357 569 481 616 erant
508 565 637 617 dicta,
673 565 779 609 satis
807 578 987 618 memor,
1018 579 1157 622 neque
1181 567 1228 610 in
1255 568 1409 611 ceteris
1438 566 1756 625 perscribendis

198 636 324 680 huius
340 638 581 692 interpositi
600 637 864 688 recordatus,
892 637 976 679 nisi
1008 637 1123 692 quod
1152 637 1278 681 Cotta
1305 638 1352 680 in
1384 637 1531 682 Velleii
1562 638 1756 681 oratione

198 708 544 764 recognoscenda
569 709 619 761 (Ι.
652 711 719 757 33,
755 711 825 763 92,
855 711 925 756 34,
953 708 1039 763 94.)
1068 711 1122 752 ad
1150 708 1306 763 capitis
1330 708 1441 751 sexti
1466 707 1620 751 decimi
1641 707 1755 750 initi-

200 792 272 821 um
301 779 494 835 respicit,
542 778 617 822 ubi
641 777 716 821 ille
746 791 793 820 se
818 790 904 820 non
932 777 1286 834 philosophorum
1317 777 1478 821 iudicia
1507 777 1757 834 exposuisse

198 848 379 901 ait,‘sed
408 849 681 893 delirantium
704 848 879 892 somnia.
1154 850 1156 852 ’
1320 853 1322 855 ’

850 1046 1003 1110 Caput
1038 1045 1100 1098 11.

202 1160 286 1201 Cur
314 1173 438 1214 neque
467 1173 520 1202 ew
549 1166 690 1213 suopte
716 1161 870 1212 ingenio
903 1157 1039 1199 Cicero
1069 1156 1289 1210 theoloyiae
1319 1160 1509 1211 antiquae
1538 1158 1757 1199 adumbra-

229 1235 371 1272 tionem
404 1232 694 1283 deprompsisse
723 1230 930 1282 putandus
957 1232 1010 1269 sit
1037 1240 1162 1281 neque
1192 1231 1370 1281 exvn'psis
1399 1227 1733 1281 philosophorum

557 1288 560 1292 ’
630 1303 790 1354 scriptis
819 1303 1069 1353 congessisse,
1099 1302 1332 1352 exponitur.

336 1383 426 1428 Nec
465 1397 563 1428 vero
603 1384 649 1427 in
685 1384 761 1428 illa
794 1383 930 1427 solum
958 1383 1105 1428 laxata-
1134 1383 1451 1434 coniunctione,
1490 1396 1577 1439 qua
1605 1381 1759 1426 ceteris

201 1470 295 1500 cum
319 1456 515 1511 partibus
546 1456 621 1499 illa
649 1456 919 1500 adumbratio
949 1470 1139 1500 connexa
1171 1459 1260 1507 est,
1298 1469 1462 1499 summo
1490 1455 1584 1498 iure
1610 1454 1759 1498 haere·

199 1541 317 1583 mus,
353 1528 662 1584 verumetiam
696 1530 787 1571 toto
821 1517 991 1572 dicendi
1021 1541 1189 1584 genere,
1225 1528 1340 1584 quod
1364 1527 1448 1571 hac
1475 1528 1522 1570 in
1544 1531 1670 1584 parte
1697 1526 1759 1570 in-

199 1598 377 1649 venitur,
407 1598 683 1652 offendimur:
713 1600 885 1656 saepius
911 1600 1025 1643 enim
1045 1603 1151 1643 nota
1177 1599 1449 1644 desideratur
1474 1599 1761 1655 perspicuitas

203 1666 333 1725 atque
368 1671 582 1727 elegantia
611 1672 835 1723 orationis,
874 1685 961 1727 qua
999 1672 1187 1715 suaviter
1214 1671 1431 1715 oblectare
1455 1671 1565 1715 solet
1593 1671 1761 1719 Tullius

203 1744 246 1784 et
277 1740 469 1785 salebras
501 1743 631 1786 etiam
662 1742 878 1787 interioris
908 1742 1130 1787 doctrinae
1159 1742 1281 1787 fallit.
1311 1735 1313 1737 ’
1340 1743 1463 1787 Licet
1490 1747 1635 1787 autem
1670 1756 1761 1787 sae-

203 1812 309 1870 culis
349 1814 639 1869 superioribus
688 1815 861 1858 fortuna
905 1814 1065 1858 nostris
1103 1814 1226 1859 libris
1265 1815 1404 1859 minus
1441 1811 1612 1868 faverit,
1660 1814 1762 1858 inde

201 1889 345 1927 tamen
387 1890 606 1930 contortae
647 1890 692 1930 et
736 1887 944 1931 obscurae
981 1887 1208 1941 orationis,
1260 1901 1347 1943 qua
1388 1888 1435 1931 in
1472 1886 1761 1944 intellegendo

205 1955 419 1999 interdum
440 1957 550 2002 adeo
577 1958 843 2015 impedimur,
874 1962 923 2002 ut
948 1958 1175 2003 verborum
1194 1959 1460 2004 'intellectum
1487 1974 1618 2016 aegre
1647 1973 1761 2004 asse-

204 2027 277 2082 qui
305 2028 538 2083 possimus,
578 2029 735 2073 idonea
774 2030 993 2073 excusatio
1031 2031 1172 2087 repeti
1198 2030 1360 2086 nequit.
1419 2030 1544 2083 Quod
1572 2044 1673 2074 vero
1699 2029 1761 2073 di-

203 2098 317 2142 xerit
352 2090 536 2145 fortasse
576 2102 790 2159 quispiam
817 2101 1013 2147 Ciceroni
1037 2103 1279 2159 argumenti
1308 2101 1605 2147 difficultatem
1632 2102 1763 2147 obsti-

202 2170 324 2232 tisse,
359 2172 561 2226 quoniam
596 2187 624 2216 a
661 2172 936 2230 philosophia
967 2173 1121 2217 morali
1148 2162 1322 2218 iamiam
1361 2174 1417 2217 ad
1447 2187 1572 2218 sacra
1604 2172 1763 2216 theolo-

204 2255 353 2298 gorum
380 2241 697 2300 degrederetur,
728 2244 776 2288 id
806 2258 892 2295 11011
920 2245 1130 2302 gravioris
1156 2249 1223 2291 est
1246 2245 1471 2289 momenti:
1502 2244 1607 2300 quid
1639 2244 1765 2293 enim,

204 2326 364 2369 quaeso
377 2347 387 2366 ,
422 2314 727 2371 impedimento
770 2305 866 2369 esse
894 2318 1085 2373 potuerit
1113 2330 1276 2361 summo
1305 2317 1369 2360 illi
1394 2317 1568 2373 liuguae
1596 2313 1766 2369 artifici,

206 2385 429 2444 quominus
468 2400 558 2430 rem
597 2387 803 2432 orationis
843 2388 1059 2446 elegantia
1088 2392 1133 2433 et
1157 2388 1468 2446 perspicuitate
1496 2388 1766 2445 exprimeret,

205 2457 557 2504 dnmmodosatis
574 2463 878 2516 praeparatam
896 2464 1028 2517 atque
1042 2460 1294 2505 meditatam
1312 2459 1494 2505 haberet
1513 2459 1767 2503 materiam?

204 2529 346 2574 Aliam
396 2543 497 2588 ergo
545 2545 719 2576 causam
754 2532 1145 2590 circumspiciamus
1183 2545 1360 2577 necesse
1396 2535 1475 2576 est.
1535 2530 1770 2575 Plurimum

170 2639 172 2641 .
205 2606 349 2646 autem
370 2603 428 2647 ad
451 2604 762 2661 expediendam
782 2604 900 2649 illam
921 2603 1220 2649 difficultatem
1240 2620 1270 2661 p
1295 2604 1487 2648 oficimus
1503 2606 1769 2659 reputantes,

206 2687 334 2730 quam
352 2674 565 2719 rationem
582 2673 729 2720 Cicero
753 2676 799 2719 in
827 2675 950 2721 libris
979 2675 1287 2733 philosophicis
1317 2690 1340 2719 e
1400 2673 1568 2719 ibendis
1598 2676 1771 2718 secutus

207 2745 275 2789 sit.
335 2745 537 2798 Quamvis
567 2747 680 2791 enim
708 2747 810 2791 inde
839 2748 897 2792 ab
925 2747 1220 2793 adulescentia
1249 2747 1440 2791 Graecae
1473 2744 1771 2802 philosophiae

207 2817 492 2881 cognitionem
522 2817 604 2862 sibi
627 2823 844 2875 parasset,
885 2832 1026 2876 neque
1056 2824 1215 2873 tamen,
1244 2822 1293 2862 ut
1316 2818 1546 2870 Romanus,
1576 2817 1651 2872 qui
1676 2829 1770 2859 ora-

207 2888 313 2932 toris
331 2902 412 2932 usu
427 2892 472 2933 et
489 2888 659 2933 liberali
687 2889 849 2958 ingenii
875 2890 995 2935 cultu
1026 2890 1252 2937 scientiam
1280 2889 1550 2939 metiebatur,
1578 2889 1771 2931 internos

211 2963 426 3004 sectarum
475 2974 670 3006 recessus
706 2959 1022 3020 perscrutatus
1042 2968 1159 3017 erat,
1205 2975 1345 3018 neque
1381 2959 1605 3004 materiam
1638 2958 1773 3006 multo

1579 3029 1636 3072 1·
