1945 3260
225 272 368 318 dicum
393 270 617 325 dimittam,
648 284 778 328 quam
797 272 940 316 omnia
958 271 1014 316 sin
1041 271 1228 316 medium
1257 271 1527 330 protulerim,
1564 271 1671 320 illud
1706 272 1787 317 uti-

223 357 308 400 que
342 345 581 387 memoratu
615 342 793 400 dignum
833 342 1012 397 addam,
1054 343 1168 400 quod
1209 342 1421 389 Welckeri
1460 343 1675 392 sententia
1695 342 1787 398 (cf.

223 414 377 459 Kleine
403 412 620 458 Schriften
648 429 721 472 pg.
751 419 869 470 521.)
901 415 1020 460 nullo
1048 419 1177 473 pacto
1201 415 1378 473 probari
1405 419 1560 472 potest,
1589 415 1664 472 qui
1691 428 1787 459 nes-

224 488 293 532 eio
330 500 417 542 qua
452 499 499 530 re
539 491 774 537 commotus
811 488 1057 531 existimare
1096 487 1289 543 videtur,
1332 487 1558 531 Prodicum
1587 501 1615 531 a
1642 486 1788 530 multis

225 558 309 603 diis
337 558 619 616 popularibus
646 572 778 602 unum
805 559 1044 604 seiunxisse
1071 559 1311 604 naturalem
1340 563 1385 603 et
1409 572 1555 603 verum
1583 558 1720 603 deum

363 629 462 674 Jam
491 630 860 687 transgrediamur
896 631 954 676 ad
990 631 1268 688 philosophos
1297 632 1562 687 Socroticos‚
1596 633 1683 687 qui·
1701 631 1791 675 sive

226 701 285 745 ad
323 716 393 746 res
433 705 634 746 narratas
658 703 923 760 respicimus,
953 704 1042 748 sive
1070 704 1129 748 ad
1158 704 1364 756 ordinem,
1394 717 1478 759 quo
1511 716 1605 747 sese
1633 703 1788 760 excipi-

227 776 325 824 unt,
367 773 619 829 diligentem
658 775 885 830 requirunt
921 775 1276 831 disquisitionem.
1334 774 1396 819 Ut
1434 778 1577 818 autem
1604 774 1790 830 primum

226 843 282 888 de
298 843 470 888 scholae
486 849 668 901 parente
686 845 889 900 dicamus,
916 847 1188 891 vehementer
1205 846 1446 898 mirandum
1467 846 1645 898 videtur,
1674 846 1790 903 quod

227 916 395 970 Cicero,
438 931 564 973 quem
603 932 657 963 ex
690 918 786 964 libr.
823 919 877 964 de
899 919 1082 964 Oratore
1110 919 1185 971 ΙΙΙ,
1219 924 1284 973 16,
1316 924 1384 963 61.
1414 919 1569 963 scimus
1598 932 1685 963 non
1714 919 1790 962 mi·

225 1003 307 1033 nus
347 1003 475 1045 quam
510 1004 588 1033 nos
626 990 815 1035 tribuere
849 992 1052 1048 ponderis
1090 990 1258 1036 Socrati
1287 992 1335 1034 in
1361 989 1654 1050 philosophia,
1694 1005 1789 1037 cum

225 1059 372 1117 plures
409 1060 532 1112 inde,
575 1061 693 1116 quod
734 1076 787 1106 ex
816 1063 1039 1119 permultis
1066 1063 1182 1107 illius
1205 1067 1250 1107 et
1276 1076 1595 1119 quoquoversus
1625 1062 1792 1108 diffusis

228 1133 593 1190 disputationibus
632 1134 744 1178 alius
782 1135 901 1179 aliud
937 1135 1291 1193 adprehenderit,
1336 1133 1550 1190 profectos
1587 1138 1632 1177 et
1668 1136 1793 1191 quasi

226 1204 413 1249 familias
436 1205 551 1248 inter
580 1219 627 1250 se
656 1206 960 1252 dissentientes
989 1208 1302 1264 proseminatas
1331 1220 1427 1250 esse
1454 1205 1634 1250 referat:
1671 1206 1793 1252 vehe-

229 1279 408 1328 menter,
439 1277 626 1331 inquam,
657 1278 900 1322 mirandum
916 1279 1096 1330 videtur,
1127 1278 1242 1334 quod
1253 1278 1401 1322 Cicero
1415 1281 1562 1321 nostro
1587 1278 1693 1335 loco,
1718 1278 1794 1323 ubi

227 1348 264 1393 si
284 1362 464 1404 usquam
485 1347 541 1392 de
563 1347 753 1393 Socratis
776 1351 1034 1395 auctoritate
1053 1365 1106 1395 ac
1125 1350 1335 1407 dignitate
1349 1349 1545 1407 expohen
1560 1349 1605 1393 di
1624 1354 1794 1408 tempus

228 1423 334 1471 erat,
352 1433 437 1463 non
456 1433 633 1476 prorsus
651 1421 823 1476 quidem
841 1436 936 1466 eum
952 1423 1123 1477 omittit,
1144 1423 1222 1467 sed
1235 1428 1324 1466 tam
1343 1422 1466 1478 parvi
1480 1424 1623 1465 tamen
1638 1421 1795 1466 ducere

225 1492 407 1548 videtur,
435 1496 484 1536 ut
502 1506 588 1536 non
603 1494 738 1537 solum
751 1493 1091 1552 Xenophontem,
1119 1509 1244 1551 quem
1263 1495 1318 1539 de
1337 1508 1388 1538 eo
1407 1493 1662 1538 referentem
1681 1494 1794 1545 fecit,

227 1567 328 1620 post
343 1563 566 1608 Platonem
595 1565 851 1617 introducat,
882 1581 1028 1610 verum
1047 1568 1176 1614 etiam
1196 1567 1350 1617 omnia,
1377 1579 1490 1621 quae
1509 1564 1795 1621 proferuntur,

227 1636 373 1692 potius
387 1635 615 1679 videantur
625 1636 924 1693 Xenophontis
944 1652 1072 1695 quam
1095 1637 1285 1682 Socratis
1295 1651 1402 1681 esse.
1462 1636 1652 1692 Accedit,
1681 1636 1795 1693 quod

234 1707 386 1751 Cicero
405 1706 512 1751 alibi
526 1707 595 1764 (cf.
612 1709 667 1752 de
678 1709 861 1753 Oratore
877 1711 953 1754 III.
988 1716 1054 1762 16,
1087 1713 1154 1768 60,
1173 1714 1217 1755 et
1237 1709 1367 1753 Acad.
1397 1709 1427 1752 1.
1458 1710 1499 1761 4,
1532 1713 1615 1762 16‚)
1647 1713 1797 1766 aperte

228 1779 450 1835 indicavit,
467 1793 514 1823 se
524 1779 744 1824 Socratem
758 1782 899 1825 verius
920 1783 965 1825 in
975 1781 1168 1826 Platonis
1180 1782 1351 1838 scriptis
1372 1794 1620 1838 expressum
1629 1783 1798 1837 putare,

230 1866 325 1897 cum
353 1856 503 1897 contra
529 1852 611 1897 hoc
640 1853 734 1898 loco
764 1854 1004 1911 Xenophon
1041 1854 1259 1898 Socratica
1285 1851 1443 1898 tradat.
1483 1855 1603 1904 Quae
1632 1856 1798 1906 cuncta,

231 1925 459 1981 quominus
485 1924 732 1970 Ciceronem
754 1941 833 1970 sua
851 1931 1004 1984 sponte
1022 1927 1135 1970 hanc
1149 1927 1358 1969 rationem
1378 1925 1525 1969 iniisse
1551 1924 1798 1978 iudicemus,

229 1996 341 2040 adeo
370 1995 694 2053 nosprohibent,
726 2001 776 2041 ut
804 2011 899 2042 eam
926 1997 1052 2043 facile
1082 1997 1329 2042 Philodemo
1351 1997 1622 2054 imputemus,
1652 2009 1798 2052 quam—

230 2083 361 2125 quam
389 2067 633 2124 fragmenta
664 2068 813 2113 nostra
843 2070 1005 2114 nullam
1031 2070 1155 2114 nobis
1184 2073 1334 2113 ansam
1364 2068 1480 2112 dant.
1539 2066 1626 2111 Cur
1654 2071 1797 2111 autem

229 2139 299 2185 vel
322 2139 599 2184 Philodemus
624 2141 730 2198 ipse,
757 2141 823 2185 vel
853 2142 1035 2198 quisque
1064 2142 1105 2185 ei
1138 2141 1222 2185 suit
1246 2144 1407 2193 auctor,
1432 2140 1561 2184 istam
1589 2140 1798 2184 rationem

230 2213 478 2264 instituerit,
503 2212 540 2255 si
568 2204 826 2268 q'uaerimus,
853 2213 970 2257 haud
984 2212 1215 2257 difficulter
1235 2225 1320 2254 non
1347 2210 1672 2267 improbabilem
1701 2224 1798 2254 cau·

230 2298 322 2328 sam
337 2284 588 2340 invenimus,
620 2298 762 2341 quam,
791 2285 894 2341 quia
911 2286 1050 2338 nimis,
1080 2284 1197 2327 ultra
1217 2283 1345 2327 huius
1360 2282 1665 2339 disputationis
1683 2281 1798 2325 ‘fines

230 2357 466 2413 exspatiari
494 2356 600 2399 mihi
627 2370 712 2400 non
740 2357 902 2408 videor,
934 2356 1092 2401 offerre
1116 2369 1201 2400 non
1232 2354 1394 2399 dubito.
1416 2402 1420 2406 ,
1453 2353 1654 2406 Quamvis
1684 2353 1796 2397 enim

229 2444 388 2487 magna
433 2443 530 2473 cum
570 2429 733 2485 pietate
764 2428 966 2473 Socrates
1004 2428 1108 2472 deos
1145 2428 1384 2472 tralaticios
1421 2426 1595 2477 coleret,
1644 2430 1798 2479 tamen,

230 2501 347 2558 quod
378 2501 432 2545 de
463 2501 552 2544 vita
578 2500 875 2544 tantummodo
904 2504 949 2544 et
982 2500 1174 2544 moribus
1205 2499 1356 2543 solitus
1385 2501 1452 2542 est
1480 2509 1689 2553 quaerere
1713 2510 1801 2540 om-

231 2587 413 2629 nemque
460 2573 514 2615 de
550 2576 707 2616 natura
743 2572 1077 2628 disputationem
1111 2571 1278 2622 reiecit,
1323 2571 1482 2626 quippe
1516 2582 1626 2624 quae
1664 2568 1800 2611 maior

233 2648 368 2696 esset,
408 2659 535 2699 quam
573 2659 626 2688 ex
662 2658 749 2700 qua
781 2646 894 2689 ratio
935 2644 1125 2688 humana
1154 2643 1337 2686 fructum
1373 2644 1520 2696 posset
1567 2640 1798 2696 percipere,

236 2716 291 2759 de
324 2714 567 2771 theologica
607 2716 699 2759 eius
743 2716 957 2760 sententia
996 2715 1103 2759 certi
1142 2713 1251 2757 nihil
1288 2715 1477 2764 constat,
1514 2711 1675 2767 quippe
1707 2713 1798 2754 tum

235 2788 381 2845 plures
416 2791 507 2829 tum
546 2800 675 2829 unum
715 2787 840 2831 deum
875 2802 973 2832 esse
1010 2786 1252 2844 promiscue
1290 2782 1516 2827 credentis.
1577 2780 1714 2843 Quam
1743 2781 1798 2826 ob

233 2860 368 2905 animi
399 2859 454 2903 de
472 2858 603 2903 rebus
633 2857 789 2903 divinis
816 2859 1024 2904 incuriam
1042 2872 1128 2903 non
1156 2856 1283 2902 modo
1308 2868 1460 2913 parum
1485 2853 1664 2897 idoneus
1693 2857 1798 2904 erat,

236 2933 305 2975 cui
333 2931 507 2975 scholae
534 2930 804 2986 principatus
833 2932 1089 2983 traderetur,
1129 2943 1277 2973 verum>
1303 2928 1433 2971 etiam
1463 2939 1547 2969 non
1578 2924 1685 2968 satis
1712 2938 1800 2969 oer-
