1945 3260
152 296 591 355 tasrnprehendendi
618 310 750 342 ansas
774 297 1019 359 praebebat
1043 297 1257 355 Epicureo
1281 300 1444 352 nostre,
1472 297 1593 341 cuius
1621 309 1709 341 ma·

151 369 498 422 ximeintererat,
522 369 784 426 utprincipe
802 369 972 414 devicto
988 370 1114 415 simul
1140 370 1273 415 σείει-ἰ
1302 369 1453 413 eadem
1480 381 1535 413 ex
1562 366 1710 412 ecbola

152 440 336 497 prefecti
353 438 697 497 profligarentur.
755 440 1312 500 Commodissimumigitur
1338 445 1446 495 erat,
1486 440 1709 484 Platonem

153 514 441 570 principatum
458 516 615 566 tenere,
643 514 718 569 qui
738 514 1015 569 oum-primus
1031 517 1192 558 certam
1214 514 1270 558 de
1298 526 1462 557 summo
1490 512 1571 556 deo
1601 511 1711 555 eim·

151 598 237 640 que
259 573 533 628 adiutoribus
560 585 813 632 sententiam
841 587 1135 641 proposuerat,
1164 589 1255 628 tum
1283 584 1395 629 adeo
1421 588 1586 628 ceteros
1609 595 1709 625 auo-

153 656 561 709 tentate-anteibat,
590 660 640 700 ut
664 656 791 701 facile
818 657 1025 713 principis
1054 656 1145 700 viee
1172 656 1293 713 fungi
1309 659 1470 714 posset.

155 766 157 769 ,
292 726 376 771 Sed
413 728 596 785 ordinis,
631 741 715 784 quo
754 728 873 784 apud
907 728 1157 787 Ciceronem
1192 728 1398 772 Socratici
1439 739 1535 770 sese
1563 724 1710 769 subse-

154 802 362 855 quuntur,
404 798 729 844 difficultatibus
758 799 962 857 sublatis,
1002 802 1038 843 si
1067 801 1113 843 in
1141 800 1346 855 cuiusque
1381 798 1621 841 doctrinam
1648 795 1710 838 in·

154 871 380 926 quirimus,
420 871 465 914 in
494 871 559 925 iis,
592 885 703 928 quae
732 872 787 916 de
816 871 1009 916 Platonis
1038 872 1255 929 theologia
1284 871 1433 915 Cicero
1462 868 1604 918 refert,
1636 867 1711 909 mi-

153 941 300 987 rificae
329 942 520 986 levitatis
544 943 611 987 vel
639 944 782 1000 potius
812 943 1085 989 hebetudinis
1115 944 1311 1001 exempla
1340 941 1570 987 manifesta
1598 940 1711 984 inve-

153 1015 323 1057 nimus.-
362 1013 482 1058 Haec
517 1019 661 1059 tamen
699 1016 907 1061 eiusmodi
945 1032 1029 1061 non
1070 1021 1185 1071 sunt,
1222 1020 1272 1060 ut
1298 1014 1538 1060 Philodemi
1565 1024 1711 1056 narra·

152 1087 302 1143 tiene,
324 1087 444 1130 cuius
482 1101 536 1131 ne
574 1102 661 1131 una
698 1089 868 1144 quidem
906 1089 1099 1133 litterula
1135 1089 1280 1133 invido
1318 1088 1409 1133 fato
1445 1089 1598 1143 erepta
1632 1087 1712 1139 eet,

151 1158 325 1215 aegrius
350 1172 585 1221 careamus,
616 1161 743 1217 quod,
770 1162 807 1204 si
836 1161 893 1205 ad
923 1175 993 1205 res
1022 1162 1141 1218 ipsas
1169 1161 1439 1217 respicimus,
1466 1157 1713 1214 limpidissi-

152 1243 247 1273 mus
275 1230 398 1274 nobis
427 1230 522 1274 fons
552 1235 703 1287 scatet,
731 1233 799 1275 sin
827 1232 886 1276 ad
916 1233 1138 1278 doctrinae
1153 1232 1491 1290 depravationes,
1520 1229 1608 1273 utri
1634 1228 1713 1271 im-

158 1301 380 1356 putandae
407 1301 505 1350 sint,
537 1300 786 1346 Philodemo
813 1318 870 1347 an
899 1304 1105 1359 Ciceroni,
1133 1304 1257 1349 nobis
1286 1304 1358 1347 vix
1376 1302 1576 1347 dubitare
1600 1299 1712 1343 lieet.

153 1372 322 1417 Omisso
348 1376 493 1417 autem
521 1372 684 1418 Timaei
713 1375 806 1419 loco
842 1377 930 1435 (pg.
961 1378 1035 1437 28)
1074 1377 1369 1434 indiligentius
1400 1386 1623 1423 converso,
1663 1373 1713 1414 ut

152 1444 424 1502 apertissima
453 1444 578 1489 modo
606 1448 800 1504 exempla
814 1462 1135 1506 persequamur,
1167 1463 1283 1506 qnae,
1300 1447 1431 1492 verba
1457 1447 1504 1490 in
1523 1443 1711 1501 Legibus

152 1516 243 1574 (lib.
272 1516 376 1568 VH,
413 1531 484 1573 pg.
515 1522 611 1561 821.
639 1520 713 1577 A.)
753 1524 926 1565 exstare
965 1523 1214 1575 traduntur,
1248 1535 1302 1565 ea
1337 1533 1440 1564 sane
1477 1517 1606 1562 bilem
1638 1528 1711 1559 no-

152 1591 286 1632 stram
314 1601 399 1631 non
429 1593 611 1643 possunt
639 1604 724 1634 non
753 1606 937 1649 movere,
966 1594 1221 1649 praesertim
1244 1606 1340 1637 cum
1363 1591 1446 1635 hac
1463 1588 1712 1633 narratione

152 1660 289 1703 omnis
320 1659 512 1704 Platonis
541 1661 856 1708 inconstantiae
888 1665 1048 1709 crimen
1083 1665 1260 1717 nitatur.
1319 1662 1439 1715 Quae
1466 1660 1578 1704 enim
1609 1659 1712 1716 legi-

151 1746 269 1775 mus:
317 1729 400 1775 τὸν
437 1732 643 1790 μέγιστον
679 1732 790 1779 θεὸν
832 1737 905 1780 καὶ
945 1731 1055 1780 ὅλον
1092 1734 1174 1780 τὸν
1211 1731 1380 1792 κόσμον
1428 1732 1573 1790 φαμὲν
1611 1726 1715 1775 οὔτε

153 1807 296 1860 ζητεῖν
324 1803 418 1847 δεῖν
444 1820 482 1848 κ.
513 1820 550 1848 τ.
581 1808 633 1858 2„
662 1820 713 1851 ea
745 1822 830 1852 non
866 1809 922 1852 ad
957 1809 1179 1853 Platonem
1212 1809 1351 1865 ipsum
1364 1840 1374 1859 ,
1412 1804 1489 1850 se'd
1527 1804 1585 1848 ad
1617 1816 1714 1860 per·

152 1888 319 1920 versam
360 1876 602 1932 aequalium
642 1880 884 1935 opinionem
920 1881 1147 1926 referenda
1174 1894 1288 1933 esse,
1324 1878 1452 1923 facile
1479 1875 1714 1933 intelleget,

153 1949 406 2003 quicumque
432 1949 565 1993 totius
591 1950 673 1994 loci
703 1954 959 1997 sententiam
980 1955 1234 2010 perceperit,
1257 1951 1453 2008 inprimis
1478 1962 1589 2005 quae
1617 1961 1713 2004 pro·

151 2020 267 2063 xime
296 2023 533 2075 sequuntur
564 2022 856 2068 considerans:
896 2021 949 2068 τὸ
977 2025 1025 2069 δὲ
1056 2023 1171 2069 ἔοικε
1203 2025 1296 2068 πᾶν
1334 2017 1500 2067 τούτου
1526 2014 1714 2064 τούναν·

150 2091 247 2135 τίον
273 2085 532 2148 γιγνόμενον
563 2088 719 2150 ὀρθῶς
746 2090 803 2140 ἂν
834 2097 1068 2154 γίγνεσθαι.

293 2162 502 2208 Perverse
530 2169 674 2209 autem
703 2166 827 2212 Plato
856 2169 973 2226 apud
995 2169 1241 2213 Ciceronem
1265 2170 1479 2218 narratur,
1508 2165 1554 2208 in
1571 2163 1716 2221 legum

152 2234 288 2286 libris,
320 2236 424 2290 quid
456 2238 513 2279 sit
538 2239 710 2281 omnino
738 2239 857 2293 deus,
886 2234 1056 2296 anquiri
1083 2243 1281 2296 oportere
1308 2251 1393 2280 non
1413 2236 1643 2280 censuisse.

290 2305 574 2352 Luculentum
602 2308 794 2365 profecto
825 2325 1016 2355 summae
1044 2311 1250 2362 levitatis,
1289 2322 1344 2352 ne
1381 2308 1521 2352 dicam
1548 2306 1715 2351 fraudis

153 2378 408 2435 exemplum,
435 2380 552 2436 quod
567 2382 744 2424 nimium
773 2381 1079 2439 Epicureorum
1098 2383 1288 2428 scholam
1308 2380 1484 2433 redolet,
1510 2393 1638 2436 quam
1667 2382 1718 2422 ut

155 2449 350 2494 Ciceroni
380 2451 482 2494 vitio
510 2452 606 2496 dari
620 2457 762 2509 queat,
793 2456 883 2510 qui,
910 2456 1011 2499 licet
1024 2456 1185 2513 passim
1197 2452 1413 2499 scribendi
1440 2451 1717 2496 festinatione

152 2521 410 2566 obcaecatus
440 2537 531 2567 rem
559 2527 855 2583 neglegentius
887 2529 1150 2580 tractaverit,
1178 2527 1428 2582 neutiquam
1453 2528 1597 2568 tamen
1626 2527 1714 2567 tam

153 2592 409 2637 manifestae
435 2602 577 2641 rerum
607 2600 948 2654 perturbationis
988 2598 1225 2643 insimulari
1266 2600 1419 2654 potest
1479 2595 1717 2647 Quominus

152 2676 255 2707 vero
279 2670 439 2709 temere
459 2666 759 2714 ›Philodemum
799 2672 1016 2722 criminer,
1051 2685 1079 2714 a
1117 2670 1322 2714 Cicerone
1349 2667 1599 2723 prohibeor,
1642 2667 1715 2722 (1¹¹5

154 2748 250 2778 eum
279 2735 495 2781 hominem
533 2739 788 2794 humanum,
830 2756 915 2785 non
950 2740 1223 2798 philosophia
1268 2739 1429 2795 solum,
1467 2738 1547 2781 sed
1585 2738 1716 2782 otim

153 2805 315 2870 litteris·
339 2809 596 2865 perpolitum
610 2845 620 2864 ‚
647 2828 743 2857 cum
773 2815 980 2871 optimum
1009 2814 1168 2864 virum,
1199 2816 1292 2857 tum
1321 2811 1614 2854 doctissimum
1643 2810 1716 2854 ho·

155 2877 313 2922 minem
353 2879 491 2923 fuisse:
520 2885 702 2941 scripsit
743 2886 811 2939 (cf.
836 2895 901 2931 o'r.
928 2887 974 2930 in
1003 2886 1144 2930 Pison.
1171 2888 1210 2941 ὃ.
1242 2889 1311 2928 68.
1343 2888 1430 2935 70.,
1470 2883 1525 2926 de
1547 2881 1716 2926 Finibb.

154 2948 221 3001 R:
242 2956 281 3003 ξ.
312 2954 426 3007 119),
446 2957 705 3009 praesertim
735 2972 832 3002 cum
851 2959 1143 3004 Gadarensem
1167 2952 1716 3016 ipsum-theologiaeGne-
