1945 3260
865 259 922 268 .-.
982 238 1152 278 16·—

226 353 611 411 deprehendimus,
642 351 745 406 quia
773 352 894 393 tanto
922 348 1063 390 minus
1092 347 1277 392 fortasse
1307 348 1361 392 de
1390 354 1508 394 recta
1535 351 1788 406 interpreta-

224 427 341 469 tione
380 427 475 467 erat
504 423 725 477 sollicitus,
755 423 915 476 quanto
944 419 1119 461 minoris
1143 420 1383 463 universam
1415 420 1590 476 Epicuri
1627 424 1788 464 sectam

224 496 497 541 aestimabat.
559 494 671 547 Quid
710 492 824 536 enim
862 491 919 534 in‘
948 493 1071 533 tanta
1108 489 1224 534 illius
1263 490 1434 537 scholae
1474 492 1788 549 contemptione

224 580 321 610 eum
360 566 591 623 prohibere
623 564 833 620 potuerit,
873 561 1097 626 quominus
1124 561 1365 606 Philodami
1402 565 1617 608 erroribus
1658 563 1787 607 etiam

227 638 327 693 alia,
358 652 471 694 quae
508 638 602 693 ipse
627 637 905 692 peccaverat,
945 630 1229 689 adiungeret?
1273 631 1359 677 Sed
1389 634 1655 691 utricumque
1682 633 1789 678 haec

224 723 368 752 rerum
384 708 652 764 perturbatio
681 705 921 760 deleganda
946 707 1025 758 est,
1055 704 1168 746 unde
1197 705 1253 747 sit
1273 705 1519 758 derivanda,
1548 706 1673 750 facile
1693 720 1788 761 cog·

224 781 451 824 noscimus.
514 777 639 831 Quod
662 776 776 820 enim
807 774 893 818 iam
923 773 1241 817 Anaximander
1265 774 1449 832 fecerat,
1477 780 1527 820 ut
1555 776 1788 820 communis

224 851 438 907 opinionis
472 851 576 892 deos
605 848 780 890 minime
810 846 1004 899 tolleret,
1046 846 1122 887 sed
1160 846 1358 889 idoneum
1388 848 1451 890 eis
1479 849 1617 891 locum
1647 846 1788 903 adsig-

223 926 350 965 narct
373 921 601 976 sidereum,
633 917 811 963 eandem
841 917 1054 960 rationem
1084 920 1254 960 secutus
1275 917 1558 962 Anaximenes
1585 918 1687 962 deos
1714 931 1787 974 po-

223 992 397 1049 pulares
424 1005 511 1034 non
529 991 703 1046 sprevit,
735 988 812 1031 sed
843 1002 895 1030 ex
921 1001 1032 1042 aere,
1061 987 1175 1030 unde
1204 1001 1350 1031 omnes
1377 1002 1451 1032 res
1464 989 1671 1045 originem
1701 992 1789 1033 tra-

144 1111 147 1114 ,
222 1063 343 1119 hant,
370 1063 574 1107 oriundos
599 1074 693 1105 esse
724 1059 880 1103 docuit.
941 1058 1072 1102 Recte
1095 1059 1267 1113 quidem
1293 1060 1556 1116 Augustinus
1584 1060 1656 1110 (de
1677 1060 1788 1113 civit,

225 1135 308 1180 Dei
337 1135 467 1186 VIII.)
503 1136 587 1178 ait:
625 1132 936 1186 „Anaximenes
965 1122 1111 1174 omnes
1151 1144 1291 1175 rerum
1324 1146 1476 1175 causas
1505 1131 1672 1175 infinito
1701 1132 1791 1176 aeri

205 1207 360 1263 dedit,
390 1220 470 1250 nec
500 1206 603 1249 deos
633 1204 807 1261 negavit
836 1206 912 1246 aut
941 1203 1097 1246 tacuit:
1138 1217 1220 1246 non
1252 1207 1397 1247 tamen
1427 1204 1482 1248 ab
1511 1204 1617 1260 ipsis
1648 1216 1790 1247 aerem

225 1279 399 1332 factum,
429 1278 505 1322 sed
524 1279 641 1334 ipsos
656 1291 709 1320 ex
734 1289 833 1320 aere
849 1278 967 1319 ortos
993 1274 1216 1319 credidit.“
1275 1275 1550 1328 Philodemus
1564 1276 1697 1332 igitur
1725 1275 1792 1319 vel

226 1352 393 1404 Cicero,
433 1351 549 1406 quod
588 1348 867 1405 philosophus
911 1347 984 1390 ille
1023 1347 1076 1390 de
1117 1347 1199 1390 diis
1226 1349 1507 1404 popularibus
1538 1349 1791 1405 tradiderat,

228 1428 390 1467 temere
417 1422 474 1466 ad
506 1422 645 1477 deum,
674 1423 722 1463 ut
750 1420 812 1462 ita
839 1418 1000 1468 dicam,
1031 1418 1287 1471 naturalem,
1317 1419 1343 1462 i.
1375 1433 1410 1462 e.
1438 1419 1494 1462 ad
1524 1433 1626 1463 aera
1655 1419 1793 1463 infini-

225 1500 316 1540 tum
346 1494 576 1539 transtulit.
620 1489 669 1524 —'
713 1492 833 1544 Quae
862 1491 949 1533 alia
986 1503 1038 1533 ex
1072 1490 1314 1546 fragmento
1347 1495 1492 1535 nostro
1521 1493 1791 1550 percipimus,

227 1568 427 1625 quoniam
460 1566 568 1610 nihil
599 1565 762 1609 faciunt
786 1563 842 1607 ad
871 1576 962 1606 rem
990 1566 1327 1614 controversam,
1369 1565 1540 1609 silentio
1567 1566 1794 1622 praeteriri

224 1644 418 1699 possunt,
450 1640 511 1683 eis
543 1638 671 1681 modo
702 1635 908 1691 exceptiS,
950 1648 1060 1689 quae
1091 1650 1156 1678 vv.
1189 1640 1215 1677 4
1245 1640 1289 1679 et
1319 1641 1344 1679 5
1371 1637 1589 1694 leguntur:
1625 1637 1793 1697 ἐστερη-
1863 1677 1865 1679 ,

226 1712 359 1769 μένος
383 1706 644 1767 αἰσθήσεως.
702 1708 822 1751 Haec
848 1707 961 1750 enim
991 1708 1123 1751 verba
1151 1708 1344 1752 indicare
1373 1710 1476 1753 mihi
1506 1712 1720 1768 videntur,
1746 1712 1793 1758 id

235 1782 349 1839 quod
379 1781 492 1824 infra
522 1779 789 1823 documentis
813 1778 1102 1833 compluribus
1133 1780 1423 1834 comprobare·
1440 1782 1647 1838 conabor,
1678 1783 1793 1827 Cice-

227 1868 378 1898 ronem
407 1852 567 1897 iudicia
599 1850 1015 1905 confutationesque,
1047 1849 1201 1905 quibus
1230 1852 1493 1908 singulorum
1523 1853 1791 1912 philosopho-

226 1938 323 1968 rum
351 1923 601 1980 disciplinas
629 1921 900 1978 perstrinxit,
930 1934 1015 1963 non
1046 1935 1123 1963 suo
1151 1936 1204 1964 ex
1231 1923 1402 1978 ingenio
1431 1926 1681 1979 protulisse,
1716 1927 1792 1970 sed

243 2011 314 2041 am
337 1998 384 2041 in
412 1995 653 2040 Philodemi
681 1994 793 2038 libro
818 1992 1054 2037 indicatum
1078 1995 1343 2051 repperisse,
1375 2010 1482 2052 quas
1509 1998 1689 2055 quisque
1717 1998 1792 2043 det

227 2082 357 2113 ansas
383 2068 445 2112 ad
475 2065 887 2124 reprehendendum.

363 2140 465 2196 Sed,
492 2144 541 2183 ut
560 2153 670 2194 quae
698 2151 767 2181 me
792 2140 989 2194 pungunt
1019 2141 1172 2182 cuncta
1198 2138 1427 2197 effundam,
1457 2154 1718 2198 quamquam
1736 2156 1790 2187 ne

225 2214 270 2256 in
299 2211 432 2255 animi
459 2209 607 2266 pusilli
635 2209 990 2265 vituperationem
1022 2210 1173 2253 cadam
1201 2214 1268 2253 est
1299 2212 1541 2264 verendum,
1572 2213 1679 2271 illud
1704 2227 1789 2258 non

225 2283 585 2341 praetermittam,
620 2281 733 2338 quod
762 2279 970 2337 Gomperz
1002 2282 1046 2325 in
1077 2280 1264 2326 editione
1292 2297 1370 2327 sua
1396 2298 1467 2341 pg.
1499 2284 1567 2328 65.
1599 2284 1666 2329 3d
1696 2298 1727 2330 v*
1750 2290 1789 2330 8.

224 2357 440 2410 lacunam,
479 2368 589 2409 quae
626 2357 727 2409 post
764 2355 896 2396 verba
933 2348 1201 2409 τὰγενόμενα
1229 2388 1237 2397 .
1270 2386 1280 2397 .
1312 2387 1322 2396 .
1353 2351 1562 2411 γινόμενα
1598 2357 1672 2399 καὶ
1701 2390 1710 2400 .
1738 2389 1749 2399 .
1781 2391 1789 2400 .

225 2430 385 2483 exstat,
424 2424 706 2482 supplendam
743 2419 841 2468 esse
876 2424 1058 2468 coniecit
1088 2439 1167 2480 per
1194 2420 1537 2484 ἄπολλυόμενα.·
1578 2427 1789 2485 Equidem

224 2499 359 2555 multo
384 2498 545 2541 rectius
576 2496 849 2541 scribendum
875 2509 1028 2539 censeo
1057 2493 1113 2539 τὰ
1142 2493 1365 2553 ἐσόμεναγ
1387 2498 1495 2542 haec
1523 2499 1655 2543 verba
1682 2499 1789 2544 refe—

224 2584 324 2616 rens
352 2568 410 2615 ad
439 2569 715 2614 Anaximenis
745 2568 1024 2620 sententiam,
1065 2569 1251 2613 omnium
1278 2583 1421 2613 rerum
1456 2584 1559 2615 aera
1588 2583 1682 2615 esse
1712 2569 1789 2615 ini·

226 2645 335 2687 tium
350 2656 402 2686 ac
416 2642 595 2694 fontem3
626 2656 755 2696 quam
778 2641 957 2684 eandem
977 2641 1231 2684 sententiam
1245 2642 1361 2698 apud
1376 2642 1592 2700 Hippolyt.
1650 2644 1791 2688 Refut„

226 2713 404 2758 Haeres.
440 2714 474 2764 I,
516 2715 553 2765 1,
585 2714 626 2758 7.
667 2713 729 2757 sic
747 2712 749 2714 ’
768 2726 1015 2769 expressam
1055 2712 1314 2756 invenimus:
1353 2711 1402 2765 ἐξ
1439 2705 1496 2757 οὗ
1535 2719 1612 2767 (sc.
1645 2709 1790 2772 ἀέρος)

225 2783 282 2829 τὰ
308 2779 542 2841 γιγνόμενα
571 2781 627 2827 τὰ
661 2779 873 2840 γεγονότα
907 2785 979 2827 καὶ
1009 2782 1065 2827 τὰ
1097 2780 1283 2841 ἐσόμενα
1317 2786 1391 2828 καὶ
1417 2783 1552 2838 θεοὺς
1581 2787 1654 2830 καὶ
1689 2790 1791 2831 θεῖα
1845 2807 1848 2811 ·

223 2857 451 2914 γίγνεσθαι

364 2926 530 2971 Eadem
551 2926 724 2969 omnino
753 2926 951 2972 fortunae
978 2926 1151 2977 invidia,
1182 2941 1311 2983 quam
1340 2942 1503 2972 summo
1530 2930 1624 2981 iure
1650 2930 1793 2975 adhuc

226 3000 449 3057 conquesti
480 3012 646 3055 sumus,
683 2997 807 3043 nobis
836 3000 967 3043 etiam
996 2998 1257 3044 subterenda
1284 3005 1353 3045 est
1382 3001 1665 3059 Anaxagorae
1693 3002 1790 3047 doc·
