1945 3260
787 195 1077 239 ...17-

151 310 310 355 trinam
338 311 722 368 perlustrantibus:
759 324 913 366 parum
942 310 1055 354 enim
1084 310 1343 366 percipimus
1373 322 1438 353 ex·
1453 310 1521 354 his
1548 314 1714 368 septem

150 383 357 439 versibus,
387 382 461 438 qui
489 382 646 439 integri
673 381 764 425 fere
791 382 1057 426 restiterunt:

209 458 246 497 1.
287 487 296 497 .
329 487 339 498 .
377 453 603 510 γεγονέναι
632 467 680 495 τε
966 455 1005 495 4.
1035 466 1128 507 χειν
1157 451 1230 493 καὶ
1257 459 1446 507 κρατεῖν·
1475 453 1547 494 καὶ
1605 458 1629 481 '-

207 530 246 569 2.
275 525 348 568 καὶ
377 521 489 569 εἶναι
516 524 589 568 καὶ
613 521 709 568 ἔσεσ
967 526 1004 566 5.
1034 523 1147 566 νοῦν
1172 518 1334 580 ἄπειρα
1360 518 1470 567 ὄντα

207 599 245 638 3.
276 598 357 638 θαι
383 596 456 638 καὶ
484 590 671 638 πάντων
700 591 755 649 ἄρ
965 598 1003 636 6.
1033 591 1089 635 τὰ
1116 594 1374 650 μείγμενατα
1400 592 1487 651 σύμ

966 669 1002 708 7.
1032 679 1181 708 παντα
1211 665 1508 724 διακοσμῆσαι.

290 737 412 781 Duae
440 742 585 781 autem
614 741 714 781 sunt
742 751 911 792 causae,
940 751 1015 779 cur
1040 737 1314 782 vehementer
1342 739 1514 794 fontem,
1545 753 1598 782 ex
1625 753 1710 793 quo

147 807 341 853 hauserit
369 808 536 860 Cicero,
571 809 884 854 desideremus:
923 808 1108 865 primum
1145 809 1258 853 enim
1286 811 1443 854 certius
1479 811 1589 854 scire
1617 823 1712 854 ave-

152 892 246 922 mus
284 879 339 923 de
369 881 685 933 coniunctione,
711 895 839 936 quam
869 880 982 923 inter
1008 880 1312 931 Anaximenem
1338 886 1383 924 et
1410 881 1712 938 Anaxagoram

146 950 440 1008 intercessisse
466 952 686 1008 docemur,
727 953 886 1008 quippe
916 965 1010 995 cum
1039 951 1221 995 alterum
1249 952 1427 995 alterius
1457 952 1712 1008 magistrum

146 1020 278 1066 fuisse
307 1023 455 1067 Cicero
484 1023 640 1067 tradat.
698 1024 901 1066 Attamen
937 1023 1052 1078 quod
1080 1022 1163 1066 hac
1192 1023 1251 1075 de
1278 1037 1325 1066 re
1358 1024 1482 1067 nobis
1511 1023 1710 1067 Philode-

146 1107 239 1139 mus
270 1094 378 1138 nihil
402 1095 719 1151 subministrat,
757 1095 873 1137 haud
901 1094 1026 1138 valde
1056 1094 1271 1151 dolemus,
1300 1095 1403 1150 quia
1422 1093 1572 1151 facile,
1606 1093 1711 1150 quid

147 1165 206 1210 sit
230 1166 519 1224 iudicandum,
547 1166 793 1210 coniectura
809 1167 981 1221 assequi
1010 1179 1247 1222 possumus.
1307 1165 1416 1210 Nam
1445 1180 1541 1210 eum
1567 1165 1710 1209 nullus

145 1241 391 1294 auctorum,
431 1239 505 1294 qui
532 1243 631 1295 post
657 1238 875 1288 Ciceronis
913 1242 1099 1282 aetatem
1137 1237 1390 1295 floruerunt,
1428 1252 1576 1283 omnes
1606 1250 1709 1282 vero

117 1360 119 1362 ‚
146 1309 240 1353 aevi
266 1310 517 1367 posterioris
547 1310 777 1365 scriptores
807 1324 895 1353 una
918 1323 1022 1354 voce
1051 1309 1232 1354 eandem
1252 1323 1343 1354 rem
1373 1310 1563 1367 tradant,
1591 1308 1710 1354 haud

148 1384 215 1424 est
244 1381 550 1437 improbabile,
579 1395 606 1425 a
633 1382 734 1425 viris
765 1382 920 1437 doctis,
960 1383 1034 1437 qui
1062 1382 1347 1426 Alexandriae
1374 1383 1420 1426 in
1448 1383 1616 1426 litteras
1645 1382 1708 1425 in·

146 1452 394 1504 cubuerunt,
424 1453 535 1497 hane
559 1453 780 1508 utriusque
806 1452 1049 1509 philosophi
1079 1454 1415 1498 coniunctionem
1442 1454 1708 1511 propositam

143 1538 258 1577 esse,
296 1524 365 1568 cui
392 1525 651 1580 posteriores
679 1524 805 1578 facile
826 1524 957 1567 fidem
978 1524 1232 1568 habuerunt,
1292 1526 1448 1581 Itaque
1464 1539 1549 1568 non
1566 1524 1706 1581 valde,

148 1597 313 1654 opinor,
343 1612 371 1641 a
396 1597 457 1641 rei
475 1597 655 1641 veritate
684 1596 921 1649 aberrabis,
951 1597 988 1640 si
1009 1596 1256 1641 Philodemo
1286 1594 1456 1655 quoque
1482 1596 1595 1641 hanc
1614 1596 1706 1654 opi-

143 1669 312 1714 nionem
341 1669 632 1713 vindicaveris.
691 1668 856 1713 Deinde
893 1683 993 1713 vero
1032 1673 1181 1730 aperte
1207 1669 1394 1714 Velleius
1423 1671 1707 1727 Anaxagorae

143 1740 336 1785 fraudem
375 1754 428 1784 eo
456 1741 584 1796 facit,
626 1741 740 1795 quod
771 1741 863 1784 eius
903 1742 1157 1785 sententiam
1188 1753 1442 1798 oppugnans
1474 1742 1601 1785 dicit:
1641 1740 1707 1793 „si

146 1816 330 1857 mentem
359 1813 486 1856 istam
513 1812 637 1868 quasi
665 1811 825 1856 animal
855 1812 1029 1868 aliquod
1057 1826 1152 1856 esse
1178 1813 1348 1857 voluit.“
1377 1813 1473 1857 Hac
1501 1813 1556 1855 de
1582 1825 1631 1855 re
1657 1811 1706 1853 li-

141 1889 210 1929 cet
221 1885 410 1929 dubitari
429 1888 570 1940 queat,
600 1885 687 1927 utri
718 1884 887 1941 culpam
917 1884 1174 1941 delegemus,
1207 1889 1256 1929 ut
1270 1884 1383 1930 hanc
1401 1889 1546 1930 tamen
1565 1881 1705 1928 Philo-

141 1956 265 2001 demo
294 1956 563 2013 imputemus,
593 1969 644 1999 eo
670 1955 937 2013 adducimur,
966 1956 1080 2012 quod
1108 1970 1239 2012 supra
1258 1957 1523 2012 disputatum
1553 1958 1630 2008 est,
1659 1955 1705 1998 in

142 2027 401 2073 confutando
432 2029 562 2073 etiam
591 2043 642 2072 ac
670 2028 962 2084 percensendo
991 2028 1237 2073 Ciceronem
1258 2027 1498 2074 Philodemi
1523 2025 1706 2084 vestigia

140 2103 331 2144 secutum
359 2114 466 2144 esse.
524 2099 645 2143 More
675 2103 819 2144 autem
851 2100 1171 2157 Epicureorum,
1202 2114 1310 2156 quos
1340 2105 1576 2145 ceterorum
1610 2112 1705 2142 sen-

138 2173 298 2216 tentias
324 2186 552 2227 numquam
580 2185 666 2215 non
694 2185 771 2215 suo
803 2172 976 2216 modulo
1000 2173 1307 2229 interpretatos
1352 2186 1448 2217 esse
1477 2175 1522 2216 et
1549 2169 1705 2215 diiudi-

139 2256 260 2287 casse
291 2243 397 2286 satis
425 2245 607 2294 constat,
633 2242 916 2299 Anaxagorae
946 2243 1185 2286 doctrinam
1205 2242 1481 2299 deformavit,
1511 2246 1561 2285 ut
1588 2240 1702 2285 refu·

138 2315 345 2359 tationem
378 2314 461 2359 sibi
487 2314 718 2371 expediret.
779 2313 933 2359 Cetera
962 2318 1109 2359 tamen
1129 2314 1348 2359 Ciceronis
1380 2313 1513 2359 verba
1541 2311 1705 2358 nullam

138 2385 301 2430 habent
326 2385 635 2438 difficultatem,
665 2386 749 2429 nisi
781 2387 896 2441 quod
911 2377 1097 2430 editores
1125 2387 1408 2430 recentissimi
1425 2385 1545 2429 nulla
1573 2398 1707 2429 causa

140 2461 318 2515 cogente
357 2471 502 2503 vocem
533 2457 733 2502 modum
771 2462 921 2503 contra
956 2458 1144 2503 omnium
1183 2457 1375 2502 codicum
1403 2457 1704 2502 auctoritatem

138 2530 185 2573 in
212 2533 404 2573 motum
428 2532 661 2573 mutarunt.
721 2529 838 2573 Nihil
855 2544 955 2574 vero
972 2530 1076 2574 facit
1090 2530 1147 2573 ad
1161 2543 1267 2585 rem,
1294 2530 1409 2586 quod
1425 2529 1703 2579 Schoemann,

139 2604 189 2646 ut
213 2615 334 2646 suam
363 2601 578 2647 stabiliret
607 2602 906 2652 coniecturam,
943 2601 1136 2659 protulit,
1161 2601 1401 2657 posteriora
1429 2613 1507 2644 nos
1536 2611 1703 2657 cogere,

138 2676 188 2716 ut
212 2674 342 2717 etiam
369 2688 501 2730 supra
531 2674 586 2717 de
613 2678 731 2720 motu
757 2675 923 2730 aliquid
950 2675 1112 2718 dictum
1139 2688 1234 2717 esse
1260 2677 1510 2718 statuamus.
1568 2673 1704 2717 Immo

135 2743 264 2789 lectio
292 2744 370 2790 Lb.
396 2745 498 2790 Mss.
526 2745 753 2790 retinenda
781 2748 867 2797 est;
899 2759 1084 2801 namque
1112 2758 1197 2789 non
1227 2744 1364 2788 solum
1378 2776 1389 2797 ,
1418 2748 1467 2788 ut
1494 2743 1703 2795 omittam,

138 2815 340 2871 quodiam
369 2816 583 2860 Heindorf
604 2818 778 2870 monuit,
809 2832 894 2861 non
922 2817 1104 2861 eundem
1134 2817 1362 2873 utrobique
1388 2820 1550 2860 motum
1578 2815 1703 2859 intel-

136 2886 225 2943 legi
252 2901 392 2944 posse,
421 2888 550 2946 plane
574 2889 813 2934 sententiae
843 2888 1073 2942 satisfacit,
1114 2902 1259 2934 verum
1291 2889 1422 2932 etiam
1447 2888 1702 2943 interpreta-

137 2957 296 3002 tionem
325 2959 508 3016 praebet
536 2960 657 3005 verbi
682 2960 985 3018 διακοσμῆσαι,
1019 2961 1134 3016 quod
1162 2959 1324 3012 Cicero,
1354 2962 1403 3003 ut
1430 2958 1610 3014 adsolet,
1637 2957 1703 3002 fu-
