1945 3260
195 301 392 348 homines
428 300 545 349 docti
573 301 852 360 Neapolitani
884 302 1000 347 idem
1036 304 1368 360 perspexerant,
1405 305 1584 359 quorum
1619 300 1763 346 nescio

197 377 296 434 quis
325 378 498 432 reperto
524 374 652 427 libro,
682 387 780 420 cum
809 374 999 419 auctoris
1028 387 1183 420 nomen
1207 372 1476 431 deperditum
1509 375 1636 430 esset,
1661 372 1763 416 titu-

195 449 286 493 lum
320 448 452 491 fuisse
488 447 688 504 Φαίδρου
722 447 823 503 περὶ
862 442 1040 502 φύσεως
1079 447 1203 490 θεῶν
1233 445 1494 502 coniecerat,
1531 447 1764 501 permotus,

196 521 360 577 opinor,
389 519 484 564 loco
515 520 731 564 Ciceronis
758 520 1042 576 epistularum
1070 520 1127 564 ad
1157 519 1346 563 Atticum
1373 518 1513 576 (XIII,
1548 522 1624 570 39)
1638 519 1650 570 ,'
1687 516 1763 562 ubi

198 591 348 635 Cicero
375 591 511 635 libros
539 590 665 642 mihi,
708 591 870 647 inquit,
909 591 962 634 de
1007 590 1160 646 quibus
1192 591 1249 634 ad
1278 592 1322 634 te
1351 593 1480 633 antea
1509 589 1674 645 scripsi,
1697 600 1765 633 ve·

197 665 272 709 lim
308 664 478 720 mittas,
517 667 562 708 et
584 663 768 708 maxime
796 663 993 721 Φαίδρου
1020 664 1121 722 περὶ
1149 663 1275 707 θεῶν
1304 663 1390 721 (ita
1408 662 1594 708 correxit
1622 660 1764 707 Victo‘-

199 737 293 780 rius
323 750 403 792 pro
431 735 698 793 περισσων);
729 749 856 789 quam
887 735 1066 778 eandem
1107 735 1363 779 sententiam
1401 739 1554 791 postea
1588 733 1765 777 Christi-

200 822 310 854 anus
346 807 553 852 Peterson
564 807 601 864 ¹)
645 805 781 850 fusius
822 805 1018 850 stabilire
1055 809 1234 850 conatus
1273 808 1351 851 est.
1421 804 1506 849 Sed
1546 818 1620 857 ea,
1654 816 1765 861 quae

201 878 521 920 Drummondus
552 881 597 919 et
634 876 840 919 Petersen
882 877 1131 926 ediderunt,
1139 896 1142 901 ¹
1176 876 1276 919 libri
1299 876 1420 919 -satis
1457 876 1652 931 grandis,
1691 876 1766 930 qui

200 948 302 1004 περὶ
343 942 563 1000 ευσεβεὶας
600 946 833 1003 inscriptus
863 949 976 999 erat,
1015 949 1198 1002 partem
1219 945 1352 990 fuisse
1389 944 1521 990 verba
1548 948 1767 1002 postrema

200 1019 290 1062 nos
310 1019 511 1062 edocent.
550 1012 661 1068 ω’ςτε
698 1018 772 1061 καὶ
809 1015 891 1061 τοὺ
924 1018 1086 1101 μέρους
1113 1014 1278 1061 τούτου
1304 1019 1382 1074 τῆς
1410 1010 1664 1073 διαιρέσεως
1691 1019 1768 1074 τῆς

202 1086 298 1135 κατ’
338 1085 477 1148 α’ρχάς
517 1087 766 1148 ἐπιτεθείσης
806 1085 1115 1147 α’ποχροόντως
1153 1088 1485 1147 ἐξειργασμένου
1524 1085 1759 1174 ammos-W
1708 1084 1764 1134 ἂν

193 1162 267 1219 εἴη
302 1159 384 1205 τὸν
422 1162 523 1217 περὶ
560 1163 637 1218 τῆς
664 1158 883 1214 εὐσεβείας
917 1158 1052 1219 λόγον
1087 1164 1164 1219 τῆς
1192 1158 1288 1205 κατ’
1327 1158 1595 1217 Ἐπίκουρον
1627 1177 1767 1206 αυτον

204 1227 529 1290 παραγράφειν.
588 1232 842 1277 Rectissime
872 1238 1014 1277 autem
1034 1235 1087 1283 „in
1113 1235 1250 1277 altera
1275 1233 1533 1278 voluminum
1558 1232 1767 1277 collectio-

203 1317 259 1347 ne
315 1302 584 1346 academicos
630 1302 973 1363 Herculanenses
1027 1303 1266 1346 Philodemi
1319 1316 1473 1346 nomen
1523 1304 1767 1359 reposuisse

202 1369 252 1418 ut
279 1388 425 1418 verum
455 1373 643 1417 auctoris
666 1387 834 1430 nomen,
870 1388 1005 1432 genus
1034 1379 1078 1419 et
1095 1374 1348 1418 :disserendi
1378 1378 1422 1418 et
1447 1374 1639 1425 dicendi,
1683 1388 1765 1430 quo

202 1445 478 1490 Philodemus
516 1445 696 1488 aliis⁴in
732 1446 876 1503 libris,
919 1447 992 1502 qui
1032 1447 1184 1490 melius
1225 1447 1382 1490 servati
1412 1450 1456 1490 et
1483 1447 1528 1490 in
1553 1448 1766 1504 integrum

201 1510 291 1575 fere
337 1517 528 1561 restituti
576 1521 694 1570 sunt,
729 1532 833 1562 usus
873 1525 956 1574 est,
995 1519 1332 1563 luculentissime
1370 1519 1538 1575 probat.
1609 1521 1765 1563 Totum

201 1604 302 1636 vero
336 1589 435 1647 περὶ
471 1585 689 1642 εὐσεβείας
728 1589 904 1643 librum,
945 1590 1160 1635 adiunctis
1196 1590 1393 1649 partibus
1426 1591 1628 1636 laceratis
1659 1605 1766 1648 quas

200 1662 340 1706 altera
354 1660 739 1706 Herculanensium
755 1663 1015 1705 voluminum
1036 1664 1230 1706 collectio
1248 1662 1451 1714 exhibuit,
1479 1664 1766 1710 continentem

203 1740 285 1779 147
315 1732 488 1778 tabulas
517 1732 596 1776 Th.
627 1732 857 1791 Gomperz,
898 1735 1039 1780 editor
1073 1735 1404 1786 recentissimus,
1433 1733 1765 1791 fragmentorum

199 1806 384 1861 vestigia
423 1808 594 1847 secutus
628 1808 718 1848 tres
749 1806 796 1847 in
825 1810 972 1861 partes
1010 1807 1178 1862 divisit,
1207 1804 1387 1861 quarum
1426 1807 1597 1861 quidem
1626 1809 1766 1863 prima

200 1890 312 1934 quae
342 1876 397 1920 de
430 1875 596 1932 pietate
619 1879 785 1920 veteres
813 1881 969 1933 poetae
998 1882 1042 1921 et
1070 1875 1377 1934 mythographi>
1398 1876 1632 1922 docuerunt
1655 1892 1764 1923 com-

196 1950 342 2007 posita
386 1947 650 2002 invenimus,
700 1948 840 1991 altera
885 1962 986 1992 vero
1033 1949 1382 2004 philosophorum
1435 1949 1489 1992 de
1530 1963 1578 1992 re
1614 1950 1763 1994 eadem

197 2023 446 2079 praecepta,
475 2019 608 2064 tertia
626 2019 812 2075 denique
840 2019 934 2064 fuse
965 2020 1136 2077 lateque
1167 2022 1363 2078 exposita
1393 2024 1502 2075 sunt,
1534 2032 1643 2077 quae
1664 2022 1763 2080 Epi·

197 2106 326 2138 curus
366 2093 545 2147 eiusque
580 2090 782 2148 discipuli
810 2096 928 2134 recte
957 2092 1189 2136 tradidisse
1216 2092 1473 2136 viderentur.
1505 2119 1562 2126 —
1619 2094 1670 2137 In
1697 2109 1762 2139 re-

198 2163 485 2222 dintegrando
530 2166 677 2208 autem
712 2162 795 2207 hoc
833 2164 944 2208 libro
993 2160 1203 2213 summam
1242 2164 1491 2221 diligentiae
1520 2169 1564 2209 et
1598 2167 1760 2223 sagaci-

194 2236 300 2280 tatis
336 2235 510 2279 laudem
554 2236 811 2278 meruerunt*
842 2235 891 2278 L.
931 2235 1129 2291 Spengel,
1146 2236 1179 2292 2)
1219 2236 1363 2279 Herm.
1394 2237 1568 2293 Sauppe
1585 2238 1646 2295 ³),
1674 2238 1758 2282 ·Th.

195 2308 421 2364 Gomperz.
435 2307 471 2365 ⁴)

341 2490 368 2535 ¹)
415 2470 579 2525 Phaedri
606 2488 804 2534 Epicurei,
836 2489 953 2535 vulgo
983 2487 1177 2536 Anonymi
1209 2489 1518 2535 Herculanensis,
1549 2491 1597 2527 de
1625 2494 1759 2527 natura

195 2548 351 2586 deorum
374 2548 639 2595 fragmentum.
688 2548 760 2585 Ed.
785 2548 974 2586 Christian
998 2550 1447 2596 Peterson.Hambu1-gi
1472 2551 1572 2586 1833.

334 2624 365 2668 ²)
412 2625 454 2659 L
478 2623 656 2669 Spengel,
680 2623 766 2660 Ans
789 2624 862 2661 den
887 2624 1200 2661 herkulanischen
1225 2625 1379 2671 Bellen,
1405 2625 1646 2663 Philodemus
1673 2629 1757 2671 περὶ

194 2681 395 2730 εὐσεβείας.
442 2683 627 2719 Miinchen
654 2682 755 2719 1863.

336 2759 366 2803 ³)
411 2757 538 2793 Herm.
563 2757 730 2804 Sauppe,
765 2759 1032 2797 commentatio
1062 2759 1109 2796 de
1139 2759 1348 2797 Philodemi
1373 2760 1488 2807 libro,
1518 2760 1583 2806 qui
1612 2759 1684 2797 fuit
1708 2760 1757 2798 de

192 2819 345 2864 pietate.
395 2818 602 2863 Gottingae
626 2819 727 2853 1864.

331 2892 363 2937 ⁴)
412 2890 713 2927 Herkulanische
741 2891 901 2928 Studien
936 2904 1012 2930 von
1050 2893 1229 2930 Theodor
1272 2893 1470 2939 Gomperz.
1537 2894 1617 2930 2tes
1652 2893 1755 2931 Heft.

188 2950 347 2996 Leipzig
371 2951 473 2987 1866.
