1945 3260
861 190 1121 230 ..ς-

220 311 329 356 esee,
345 298 483 356 quod,
510 313 607 351 cum
626 299 834 344 Velleium
851 299 1112 357 Epicureum
1131 298 1283 345 fecerit
1294 299 1533 359 *dicente-³,
1555 300 1683 346 fissile
1710 304 1779 345 est

220 371 278 415 ad
317 370 619 428 suspicandum
657 370 715 415 ab
742 370 933 415 eiusdem
972 370 1143 416 scholae
1170 374 1383 416 sectatore
1405 371 1539 417 fuisse
1569 372 1775 428 composi-

220 447 324 487 tum.
353 467 410 474 —
465 442 589 494 Quod
620 442 793 497 quidem
822 442 972 486 Cicero
1009 443 1064 487 de
1098 442 1236 499 fonte,
1272 443 1387 487 unde
1413 443 1620 499 hauserit,
1647 443 1776 499 plane

221 514 352 571 siluit,
378 514 540 558 nullum
566 513 697 559 habet
723 519 979 559 momentum
1006 514 1065 559 ad
1093 514 1437 575 labefactandam
1465 519 1656 561 nostram
1685 516 1776 572 opi-

221 586 407 642 nionem,
455 600 639 642 namque
686 601 779 631 eum
826 587 997 644 saepius
1031 590 1206 631 auctore
1245 600 1332 632 non
1368 587 1557 632 indicato
1596 588 1775 633 tacitum

221 658 504 713 transtulisse,
534 672 629 702 cum
654 659 729 702 alii
747 660 826 702 viri
854 658 982 714 docti,
1010 661 1101 701 tum
1129 658 1305 714 Madvig
1332 662 1377 701 et
1396 658 1535 702 Heine
1563 660 1777 715 sagaciter

224 729 553 786 comprobarunt
578 734 611 785 ¹)
669 730 759 775 Nec
798 730 936 786 magis
970 728 1077 772 illud
1110 733 1177 772 est
1205 729 1455 786 urgendum,
1482 728 1600 784 quod
1626 729 1776 775 Cicero

221 804 266 846 in
288 802 478 846 Platonis
500 802 765 858 aliorumque
787 792 1008 858 theologia
1026 801 1320 856 percensenda
1340 814 1540 857 expresse
1554 801 1612 845 ad
1630 815 1776 845 eorum

221 875 381 929 scripta
408 888 484 917 nos
513 875 699 930 relegat3
731 887 869 933 neque
896 873 995 929 plus
1024 872 1158 916 habet
1185 873 1403 930 ponderis,
1430 873 1546 929 quod
1576 878 1595 915 I
1637 877 1706 916 33.
1735 875 1774 925 ξ.

222 949 289 989 91.
351 944 530 989 Balbum
557 945 619 988 sic
640 945 850 988 dicentem
867 943 989 987 fecit:
1020 975 1048 995 ,‚
1061 945 1216 987 etenim
1246 944 1504 988 enumerasti
1533 944 1777 988 memoriter

220 1021 264 1061 et
300 1016 479 1073 copiose,
502 1017 568 1074 (ut
606 1015 709 1059 mihi
748 1015 920 1072 quidem
957 1014 1163 1059 admirari
1193 1015 1360 1072 liberet,
1399 1015 1445 1059 in
1476 1015 1649 1059 homine
1682 1029 1776 1059 esse

218 1088 409 1133 Romano
439 1093 606 1133 tantam
631 1089 870 1146 scientiam)
896 1102 1032 1144 usque
1058 1102 1086 1132 a
1114 1088 1294 1133 Thalete
1322 1088 1491 1132 Milesio
1520 1088 1576 1132 de
1599 1088 1776 1132 deorum

218 1165 374 1204 natura
402 1160 753 1217 philosophorum
791 1161 1067 1204 sententias.“
1126 1160 1236 1204 Nam
1264 1160 1551 1217 reputandum
1579 1164 1658 1216 est,
1690 1174 1777 1203 non

219 1231 443 1275 historiam
474 1232 661 1276 scribere
701 1245 797 1275 eum
839 1230 1022 1292 voluisse
1047 1231 1124 1275 sed
1151 1230 1381 1288 dialogum,
1408 1245 1487 1288 per
1508 1231 1630 1274 cuius
1659 1231 1775 1287 leges

218 1303 272 1347 de
298 1303 383 1347 fide
413 1303 619 1347 historica
646 1304 787 1346 minus
813 1303 1060 1359 religiosum
1089 1317 1184 1349 esse
1207 1318 1385 1361 prorsus
1411 1305 1452 1348 ei
1479 1304 1614 1348 licuit.

860 1483 1013 1552 Caput
1051 1486 1135 1541 ΙΙΙ.

328 1585 550 1625 Ciceronem
578 1583 798 1625 Philodami
827 1584 977 1626 librum
1003 1582 1105 1640 περὶ
1133 1577 1350 1636 εὐσεβείας
1380 1592 1559 1645 secutus·
1590 1598 1674 1627 esse

837 1656 1155 1709 demonstratur,
1536 1668 1539 1670 ’

352 1737 544 1792 Propitia
579 1737 791 1792 quaedam
824 1737 999 1782 fortuna
1029 1753 1082 1783 ex
1111 1753 1266 1797 magno
1296 1740 1421 1795 quasi
1446 1738 1673 1796 naufragio
1699 1753 1774 1783 no·

216 1808 282 1852 bis
309 1809 421 1852 inter
449 1809 608 1852 rudera
636 1809 879 1867 Herculani,
908 1811 1022 1854 illius
1054 1811 1316 1869 Campaniae
1347 1811 1510 1868 oppidi,
1541 1812 1657 1867 quod
1685 1811 1774 1855 fere

215 1894 293 1936 per
313 1880 427 1925 mille
448 1882 739 1938 septingentos
758 1896 893 1927 annos
911 1883 1124 1929 cineribus
1142 1889 1187 1929 et
1202 1885 1319 1929 saxis
1348 1884 1548 1929 obrutum
1577 1897 1616 1928 a.
1649 1888 1774 1928 1752.

217 1953 354 1995 denuo
395 1953 538 2009 detegi
577 1958 620 1996 et
657 1955 702 1996 in
738 1955 876 1998 lucem
914 1955 1083 2010 retrahi
1111 1961 1308 2012 coeptum
1337 1960 1416 2011 est,
1452 1956 1608 1999 fibram
1637 1956 1774 1999 Philo-

216 2023 329 2067 demi
366 2024 466 2080 περὶ
496 2019 730 2078 εὐσεβείας,
769 2026 965 2083 plurimis
992 2040 1089 2070 eum
1116 2027 1290 2084 quidem
1316 2027 1600 2083 maximisque
1627 2027 1673 2071 in
1698 2042 1773 2083 pa-

214 2109 334 2152 pyrov
358 2096 521 2139 lacunis
548 2101 678 2152 atque
707 2098 805 2141 aliis
835 2100 1084 2143 mendorum
1112 2101 1341 2156 generibus
1370 2100 1526 2143 misere
1553 2099 1773 2143 foedatum

216 2168 411 2211 servavit.
469 2167 599 2211 Cuius
637 2169 737 2213 libri
772 2175 938 2226 partem
979 2173 1138 2228 optime
1178 2175 1413 2228 servatam,
1455 2183 1566 2227 quae
1602 2171 1773 2215 tabulas

217 2243 399 2282 11—22.
424 2240 543 2282 tomi·
557 2241 733 2284 secundi
762 2256 906 2285 eorum
936 2243 1319 2287 Herculanensium
1345 2244 1625 2299 voluminum,
1663 2257 1774 2298 quae

215 2310 395 2366 Neapoli
437 2325 477 2354 a.
520 2316 643 2355 1861.
678 2313 889 2368 publicari
923 2319 1076 2370 coepta
1100 2319 1220 2371 sunt,
1259 2314 1457 2371 complet,
1486 2315 1671 2370 primum
1701 2314 1773 2358 Vi·

150 2393 152 2395 ·
215 2381 365 2444 lelmus
388 2381 701 2428 Drummondus
722 2381 1089 2438 (Herculanensia.
1110 2386 1278 2431 Londin
1311 2391 1437 2431 1810.
1466 2401 1538 2444 pg.
1571 2391 1654 2430 223
1686 2390 1771 2446 sq.)

216 2459 370 2515 edidit,
410 2458 483 2513 qui
508 2458 620 2501 idem
650 2471 704 2501 ex
730 2458 974 2503 admirabili
1002 2463 1046 2503 et
1072 2460 1297 2504 verborum
1325 2460 1605 2504 similitudine
1635 2464 1679 2503 et
1706 2474 1770 2504 or-

216 2532 328 2575 dinis
361 2546 524 2582 rerum,
564 2545 675 2587 quae
703 2532 816 2575 inter
852 2531 970 2575 illam
1009 2530 1240 2588 fragmenti
1275 2535 1443 2588 partem
1482 2535 1527 2574 et
1555 2531 1771 2575 Ciceronis

215 2606 539 2662 explicationem
568 2604 813 2661 intercedit,
851 2604 1074 2661 intellexit,
1104 2619 1216 2660 quae
1242 2605 1430 2649 Velleius
1458 2604 1688 2660 protulerit
1716 2605 1771 2648 de

213 2677 507 2733 opinionibus,
546 2689 653 2731 quas
693 2675 954 2732 Chrysippus
993 2680 1037 2719 et
1082 2676 1295 2734 Diogenes
1338 2676 1392 2720 de
1435 2677 1565 2720 rebus
1616 2676 1772 2720 divinis

213 2749 559 2804 habuissent,'ea
578 2761 631 2791 ex
649 2748 723 2792 illo
742 2747 981 2804 fragmento
1007 2748 1146 2803 petita
1177 2762 1285 2795 esse.
1342 2747 1441 2792 Jam
1471 2752 1599 2792 antea
1626 2752 1770 2791 tamen

277 2874 280 2876 -
354 2904 381 2949 ¹)
426 2903 578 2949 Madvig
600 2901 765 2940 Praefat.
794 2903 843 2939 ad
870 2903 946 2942 Cic.
976 2903 1024 2940 de
1047 2887 1200 2940 vFinibb.
1233 2913 1297 2950 pg.
1329 2902 1464 2939 LXIV.
1500 2907 1538 2939 et
1569 2902 1687 2938 Heine
1720 2902 1768 2938 de

211 2963 379 3001 fontibus
402 2962 699 3000 Tusculanarum
726 2963 1034 3010 disputationum.
1084 2964 1224 3001 Vimar.
1250 2964 1351 3001 1863.
1398 2973 1467 3009 pg.v
1487 2963 1520 2998 3.
