1945 3260
886 202 1167 244 ,ι’-ιο...

235 331 305 376 pg.
338 323 409 365 80.
435 321 533 362 vlo
547 326 635 373 sq.z
665 313 715 360 ἐν
745 315 795 360 δὲ
813 315 881 374 τῷ
909 314 1000 358 dev·
1039 318 1076 366 ᾗ.
1114 317 1181 357 41.
1225 313 1270 356 in
1309 311 1496 356 secundo
1531 314 1676 356 autem
1705 311 1797 356 vult

235 387 356 444 τέρῳ
381 383 485 431 τάτε
513 385 575 436 εἰς
599 381 756 441 Ὀρφέα
782 383 855 426 καὶ
885 385 1002 426 Μου-
1039 381 1212 438 Orphei,
1238 380 1417 436 Musaei,
1444 380 1623 425 Hesiodi
1643 378 1796 425 Home·-

238 462 366 498 σαῑον
397 447 709 510 ἀναφερόμενα
724 451 798 495 καὶ
826 446 881 494 τὰ
896 446 1002 507 παρ’
1038 450 1161 505 rique
1183 448 1365 493 fabellas
1394 448 1722 492 adcommodare
1738 447 1797 491 ad

228 519 399 579 Ὁμήρῳ
439 523 513 565 καὶ
535 517 725 577 Ἡσιόδῳ
764 519 837 562 καὶ
869 514 1002 575 Εὕρι-
1039 533 1109 570 ea,
1151 531 1262 573 quae
1291 517 1385 574 ipse
1421 517 1532 562 libro
1570 517 1709 574 primo
1742 516 1797 560 de

236 590 342 646 πίδῃ
377 591 450 634 καὶ
485 596 689 648 ποιηταῖς
731 583 881 639 ἄλλοις
908 601 1000 630 πει·
1035 587 1128 632 deis
1155 586 1466 631 immortalibus
1496 585 1675 629 dixerat.

235 661 368 714 ρᾶται
408 661 686 703 συνοικειοῦν
719 664 817 708 ταῖς
851 650 1003 709 δόξαις

241 724 407 773 αὐτῶν.

381 824 425 866 Si
457 824 551 878 quis
580 836 680 866 vero
710 822 778 865 vel
806 822 852 864 in
880 821 999 866 hisce
1028 823 1234 879 exemplis
1261 822 1366 866 satis
1394 822 1551 865 iustum
1576 819 1799 874 utriusque

243 895 463 950 scriptoris
494 895 745 937 consensum
776 893 988 948 adparere
1019 894 1217 950 negabit,
1258 894 1294 936 is
1325 906 1427 936 sane
1456 891 1646 946 neglexit
1674 904 1797 946 repu-

239 971 354 1015 tare,
385 964 632 1008 Ciceronem
674 965 719 1007 in
754 964 938 1008 aliorum
968 965 1102 1020 copiis
1141 966 1185 1008 in
1221 977 1312 1007 rem
1346 977 1466 1006 suam
1503 960 1799 1006 convertendis

211 1037 215 1039 ⁷
238 1037 353 1080 haud
384 1036 684 1091 praepeditum
713 1035 858 1079 fuisse.
918 1035 1036 1079 Nihil
1064 1037 1196 1092 igitur
1223 1038 1316 1079 erat
1346 1047 1514 1089 causae,
1546 1047 1622 1077 cur
1651 1032 1798 1077 Cicero

238 1109 405 1153 Graeca
434 1108 491 1151 ad
521 1108 698 1152 verbum
716 1106 884 1152 Latinis
914 1107 1192 1164 exprimeret;
1223 1108 1351 1151 immo
1379 1109 1472 1150 tota
1493 1105 1798 1162 Epicureorum

240 1180 492 1234 scriptione,
538 1192 667 1233 quam
685 1180 740 1222 >in
773 1179 1010 1222 Philodemi
1042 1192 1208 1233 quoque
1236 1178 1347 1221 libro
1376 1177 1630 1232 reperimus,
1673 1177 1799 1220 facile

238 1252 494 1295 commoveri
525 1250 681 1308 potuit,
712 1253 759 1294 ut
789 1250 1024 1293 sententias
1053 1250 1196 1306 potius
1227 1262 1356 1305 quam
1386 1248 1517 1292 verba
1545 1248 1798 1304 interpreta-

241 1326 362 1364 retur
403 1337 644 1376 novumque
683 1323 866 1365 colorem
892 1322 1130 1376 peregrinis
1158 1321 1399 1373 induceret;
1439 1334 1622 1375 namque
1647 1320 1800 1376 Epicu-

237 1393 301 1436 rei
332 1396 376 1436 et
406 1391 538 1437 Stoici
564 1392 720 1450 frigide
749 1392 986 1449 longasque
1011 1405 1090 1449 per
1118 1391 1323 1448 ambages
1353 1390 1558 1448 neglectis
1588 1405 1798 1448 gramma-

236 1465 416 1507 ticorum
449 1468 493 1507 et
518 1465 737 1508 rhetorum
763 1465 1006 1519 praeceptis
1034 1465 1222 1507 scribere
1261 1464 1468 1507 solebant.
1528 1464 1699 1516 Quanta
1725 1480 1800 1508 au-

235 1538 322 1577 tem
362 1534 578 1578 interdum
616 1535 819 1580 libertate
847 1534 1011 1578 Tullius
1049 1538 1196 1578 noster
1231 1534 1455 1581 materiam
1493 1548 1521 1577 a
1554 1534 1801 1580 Philodemo

232 1606 600 1649 subministratam
633 1607 678 1649 in
707 1606 932 1649 scribendo
962 1607 1260 1662 usurpaverit,
1308 1605 1545 1661 complures
1581 1607 1802 1651 declarant

233 1677 316 1719 loci
347 1677 433 1727 alii,
465 1677 539 1720 ubi
570 1677 716 1733 multa,
747 1691 857 1732 quae
886 1677 1099 1732 copiosius
1131 1680 1256 1721 eraut
1284 1676 1413 1733 dicta,
1447 1677 1680 1730 coartavit,
1713 1678 1801 1723 alia

236 1762 313 1792 suo
344 1763 398 1793 ex
427 1749 600 1806 ingenio
629 1749 821 1806 addidit,
862 1749 949 1793 alia
979 1750 1201 1794 exornavit
1242 1752 1373 1805 atque
1403 1749 1645 1794 illustravit.
1705 1750 1801 1795 Huc

237 1821 407 1863 accedit
435 1822 563 1863 etiam
594 1821 714 1863 aliud
738 1824 1048 1877 argumentum,
1080 1835 1163 1875 quo
1202 1825 1324 1864 extra
1352 1835 1517 1865 omnem
1557 1821 1646 1865 sere
1682 1822 1801 1866 dubi-

233 1892 441 1935 tationem
471 1893 620 1934 nostra
655 1892 869 1935 sententia
909 1892 963 1934 de
993 1893 1215 1946 utriusque
1251 1891 1469 1946 scriptoris
1501 1893 1667 1936 ratione
1696 1894 1800 1949 poni

232 1963 414 2006 videtur.
475 1961 624 2006 Cicero
665 1963 777 2006 enim
822 1963 866 2006 in
906 1962 1173 2018 philosophis
1210 1964 1565 2018 recognoscendis
1595 1962 1798 2020 Diogenis

234 2034 459 2090 Babylonii
480 2037 671 2080 ,aetatem
703 2047 788 2078 non
828 2038 1125 2090 transgressus
1154 2038 1242 2090 est,
1286 2048 1399 2085 cum,
1441 2036 1590 2090 quanti
1617 2035 1798 2080 Romani

232 2106 456 2163 scriptoris
494 2106 738 2150 interfuerit
778 2120 850 2151 eos
887 2107 1069 2159 Stoicos,
1117 2107 1190 2161 qui
1232 2119 1395 2150 summa
1427 2106 1544 2162 apud
1583 2107 1797 2153 Romanos

232 2177 436 2222 florerent
465 2179 737 2233 auctoritate,
766 2178 1020 2222 Panaetium
1050 2178 1145 2221 dico
1182 2182 1225 2222 et
1254 2178 1548 2230 Posidonium,
1590 2179 1635 2221 in
1669 2194 1795 2235 quae-

232 2250 412 2294 stionem
441 2264 594 2294 vocare
635 2264 761 2295 nemo
790 2265 874 2294 non
913 2251 1070 2305 videat.
1130 2250 1167 2293 N
1171 2264 1219 2293 ec
1262 2251 1400 2294 minus
1440 2251 1679 2308 urgendum
1716 2256 1793 2304 est,

233 2322 348 2376 quod
373 2322 587 2365 hominem
615 2322 872 2377 Epicureum
903 2323 1053 2366 Cicero
1084 2322 1186 2366 fecit
1215 2323 1442 2378 dicentem,
1481 2325 1570 2375 cui,
1605 2338 1699 2368 cum
1732 2325 1795 2368 illi

235 2393 320 2437 duo
350 2393 580 2449 plurimum
619 2394 676 2437 ad
707 2393 947 2438 Stoicorum
983 2394 1191 2437 rationem
1220 2394 1331 2436 inter
1360 2393 1572 2437 Romanos
1603 2394 1794 2438 dissemi—

232 2468 419 2511 nandam
460 2466 759 2518 contulissent,
806 2468 892 2511 iam
931 2467 1045 2511 hanc
1086 2466 1140 2510 ob
1183 2480 1354 2510 causam
1391 2480 1571 2523 magnae
1608 2480 1704 2510 cum
1738 2466 1792 2510 iis

231 2542 354 2581 erant
385 2537 648 2582 exercendae
677 2539 928 2583 simultates.
975 2538 1161 2582 Proinde
1185 2538 1331 2583 Cicero
1362 2539 1464 2592 quin
1492 2538 1661 2581 illorum
1690 2551 1791 2593 quo·

236 2623 317 2663 que
353 2609 591 2652 Stoicorum
623 2611 846 2666 opiniones
875 2611 1115 2654 traditurus
1144 2609 1317 2661 fuisset,
1344 2611 1380 2653 si
1407 2624 1493 2653 non
1523 2610 1632 2653 alius
1660 2611 1791 2668 scrip-

229 2679 336 2723 toris
375 2682 774 2726 commemoratione
809 2682 1012 2740 Diogenis
1041 2682 1266 2739 Babylonii
1300 2682 1588 2725 narrationem
1623 2682 1789 2727 conclu-

231 2751 371 2795 dentis
410 2752 602 2797 libellum
649 2758 820 2799 secutus
868 2759 999 2808 esset,
1051 2754 1241 2816 dubitari
1287 2754 1447 2810 nequit.
1516 2752 1788 2799 Philodemus

228 2837 328 2867 vero
361 2827 461 2880 post
489 2824 724 2881 Diogenem
750 2827 907 2871 nullius
935 2828 1119 2885 amplius
1147 2827 1279 2882 Stoici
1309 2826 1546 2870 doctrinam
1573 2828 1787 2873 tractavit.

227 2920 284 2927 —
313 2894 394 2938 His
423 2908 526 2952 ergo
556 2897 752 2942 omnibus
789 2901 1054 2956 argumentis
1093 2899 1322 2957 diligenter
1361 2898 1614 2943 examinatis
1655 2900 1785 2945 nemi·

225 2978 323 3009 nem
355 2967 555 3012 existimo
581 2977 650 3012 me
681 2968 868 3014 levitatis
899 2976 975 3016 aut
1009 2972 1265 3017 temeritatis
1305 2970 1648 3015 insimulaturum
1678 2976 1783 3025 esse,
