1945 3260
824 180 1114 225 ...go-4

185 295 457 354 Aristotelem
506 295 776 353 prepositum
805 295 1035 353 reperitur·
1081 294 1749 346 admittent-unni·

187 367 308 413 libris
329 367 384 411 de
420 367 686 425 philosophia
714 367 929 412 exstitisse
956 380 1013 411 cx
1044 366 1219 410 Philone
1247 368 1553 424 conperimus,
1587 368 1747 425 qum

187 437 242 483 de
261 439 495 496 Incorrupt.
524 439 673 484 mundi
701 439 870 495 v01.11‚
898 453 970 496 pg.¹
998 440 1097 484 489.-
1120 437 1418 494 Aristotelem,
1432 438 1638 484 mudum
1667 451 1748 483 nec

186 511 359 556 interire
375 524 501 569 posse
517 525 597 557 nec
620 515 768 556 natum
794 524 890 555 esse
917 510 1247 567 existimantem,
1275 510 1373 554 ilios
1400 511 1533 556 refert
1559 518 1747 569 magnae

187 582 418 640 impietatis
437 584 720 640 insimulasse,
746 582 791 628 οἳ
818 583 913 626 τῶν
933 576 1235 640 χειροκμήτων
1257 579 1390 627 οὐδὲν
1420 578 1634 642 ᾠήθησαν
1652 582 1745 628 δια-

187 654 339 712 φέρειν
376 657 594 699 τοωῦτον
629 650 798 711 ὁρατὸν
833 650 945 698 θεὸν
976 649 1104 710 ἥλιον
1132 654 1206 697 καὶ
1235 649 1420 711 σελήνην
1449 656 1523 698 καὶ
1550 651 1605 699 τὸ
1633 651 1745 699 ἄλλο

185 726 280 771 τῶν
307 726 549 785 πλανητῶν
580 725 653 769 καὶ
680 715 908 769 'a’xaavosv
935 717 1000 775 ὥς
1026 719 1191 781 ἀληθὲς
1219 723 1483 781 περιέχοντα
1509 729 1744 782 xoevoelov,

185 812 312 853 quem
336 799 475 844 locum
494 812 547 843 ex
576 798 701 842 libris
721 797 776 841 de
806 796 1075 853 philosophia
1104 795 1399 853 depromptum
1427 810 1523 856 esse
1550 802 1595 842 et
1617 797 1749 842 rebus

185 870 344 919 adlatis
370 870 419 915 fit
441 870 672 916 verisimile
703 874 748 914 et
770 869 927 913 festiva
956 867 1128 913 dicendi
1159 867 1329 912 ratione
1354 867 1533 926 dialogo
1558 868 1750 914 maxime

184 942 368 1000 propria.
426 942 534 987 Cum
568 946 712 986 tamen
747 940 996 985 Aristoteles
1032 940 1107 984 illo
1144 940 1238 984 loco
1268 940 1400 985 solem
1433 944 1663 997 ceteraque
1691 941 1748 985 si-

184 1015 289 1061 dera
314 1014 418 1059 deos
436 1002 689 1070 nuncupans
716 1013 944 1068 omniaque
973 1012 1387 1068 circumplectentem
1413 1013 1620 1057 mundum
1644 1007 1749 1070 ἆρα·

183 1083 265 1130 τὸν
301 1082 413 1129 θεὸν
450 1085 597 1129 dicens
634 1097 728 1129 sese
763 1083 952 1140 opinioni
983 1083 1195 1127 communi
1232 1084 1606 1140 adcommodaret,
1646 1085 1748 1141 Epi-

184 1171 340 1204 cureus
382 1157 602 1214 doctrinae
643 1156 959 1213 discrepantias
998 1159 1177 1213 captans
1215 1160 1367 1199 cuncta
1398 1169 1475 1212 pro
1511 1156 1749 1213 stagiritae

182 1229 319 1286 ipsius
357 1228 555 1286 opinione
592 1229 753 1272 temere
793 1227 1000 1284 adripuit,
1039 1230 1086 1270 ut
1116 1238 1267 1270 ansam
1297 1227 1636 1283 reprehendendi
1665 1227 1747 1271 sibi

184 1305 460 1357 compararet.

322 1372 437 1416 Dum
485 1375 628 1415 autem
667 1375 835 1427 propter
870 1381 1018 1413 omnes
1052 1381 1198 1415 rerum
1231 1370 1589 1426 depravationes,
1636 1383 1746 1425 quas

182 1442 323 1486 adhuc
362 1441 739 1498 deprehendimus,
779 1439 1051 1484 Philodemus
1088 1440 1235 1485 eiusve
1263 1445 1411 1484 auctor
1439 1446 1553 1486 reete
1583 1442 1746 1500 vitupe—

181 1514 389 1559 rationem
409 1518 598 1559 nostram
619 1514 744 1570 subit,
771 1526 826 1561 ne
854 1512 1041 1557 Tullium
1068 1512 1127 1557 ab
1147 1512 1264 1556 omni
1288 1513 1463 1558 omnino
1489 1514 1616 1572 culpa
1636 1514 1747 1559 lihe-

181 1600 349 1643 remus,
390 1600 494 1631 voce
523 1585 711 1641 quadam
740 1589 816 1637 (sc.
846 1584 1001 1628 ardore
1026 1584 1161 1640 caeli)
1185 1585 1473 1642 prohibemur,
1509 1599 1622 1641 quae
1648 1600 1746 1643 gra·

180 1671 278 1703 vem
303 1659 428 1703 nobis
456 1658 698 1715 scrupulum
727 1656 860 1701 inicit.
919 1655 1029 1700 Cum
1059 1656 1174 1701 enim
1195 1656 1445 1701 Aristoteles
1458 1658 1747 1715 Anaxagorae

180 1731 447 1788 opinionem,
484 1731 541 1775 ab
580 1729 725 1774 αἰθετν
764 1741 913 1773 vocem
949 1727 1110 1785 αἰθέρα
1146 1741 1242 1773 esse
1275 1729 1581 1787 derivandam,
1618 1731 1747 1787 plane

180 1802 475 1859 reprobaverit
514 1801 723 1858 originem
760 1800 900 1858 potius
927 1800 985 1844 ab
1012 1795 1079 1844 αἐὶ
1107 1802 1209 1845 θεῖν
1232 1800 1394 1846 ducens
1423 1801 1500 1859 (cf.
1530 1802 1586 1847 de
1614 1802 1746 1848 Caelo

180 1874 217 1917 Ι.
245 1875 285 1918 3.
314 1887 384 1930 pg.
415 1876 500 1919 270
530 1875 570 1917 b.
597 1875 664 1917 22.
694 1877 737 1917 et-
759 1872 941 1916 Krische
970 1872 997 1915 l.
1026 1885 1063 1915 c.
1092 1885 1163 1929 pg.
1191 1873 1328 1930 30¹7.),
1358 1874 1436 1917 sed
1462 1874 1508 1918 in
1525 1874 1745 1920 Ciceronis

180 1945 331 1991 ardore
362 1946 470 1992 caeli
498 1945 605 1997 illud
634 1943 918 2001 veriloquium
946 1943 1134 1988 dilucide
1158 1945 1446 2003 contineater,
1478 1958 1744 2004 consequens

179 2022 257 2074 cst,
288 2022 363 2062 aut
381 2018 672 2063 Philodemum
699 2021 778 2062 aut
802 2007 1049 2062 Ciceronem
1080 2017 1317 2074 Stagiritae
1347 2032 1437 2063 rem
1464 2020 1523 2064 ab
1550 2020 1645 2077 ipo
1676 2035 1740 2066 re·

180 2090 335 2134 ieotam
364 2090 632 2147 adsignasse.
691 2089 929 2142 Quominus
965 2093 1111 2134 tamen
1148 2089 1441 2135 Philodemum
1478 2105 1745 2150 mamus,

179 2160 286 2206 haee
305 2161 427 2206 nobis
447 2174 580 2207 causa
608 2160 845 2218 intercedit,
870 2159 1000 2217 quod,
1024 2159 1061 2204 si
1090 2160 1163 2205 ille
1183 2161 1423 2221 Epicureus
1448 2163 1541 2208 sive
1567 2164 1614 2208 in
1642 2163 1740 2208 doc-

178 2233 318 2280 trinae
348 2233 621 2279 enarratione
647 2234 740 2279 sive
767 2234 815 2277 in
841 2232 1021 2289 iudicio,
1059 2232 1174 2287 quod
1201 2245 1300 2277 eum
1330 2235 1604 2281 subiunxisse
1629 2249 1741 2281 corn·

178 2304 373 2361 pluribus
387 2309 517 2350 antea
542 2305 811 2363 argumentis
838 2303 1129 2362 probavimus,
1153 2303 1315 2349 hancce
1329 2305 1531 2351 fraudem
1555 2306 1741 2364 feei-et,

178 2376 331 2423 Oicero
360 2378 453 2423 sine
478 2378 609 2423 dubio
637 2391 723 2423 non
749 2376 1029 2434 neglexisset,
1054 2376 1323 2421 divinitatem
1346 2378 1652 2425 ardoriscaeli
1679 2381 1743 2424 ita

179 2448 391 2511 deridere,
420 2454 468 2495 ut
482 2450 611 2496 deum
636 2463 692 2494 ex
720 2449 891 2494 aethere
921 2452 1186 2494 constantem
1211 2449 1306 2508 ipso
1332 2450 1489 2496 ardore
1513 2452 1740 2497 absumen-

178 2521 282 2565 dum
318 2535 415 2566 esse
451 2526 665 2579 argueret.
722 2521 1199 2578 Optimesigiturhaec
1227 2515 1664 2580 difficultas-tollitur,
1701 2524 1740 2568 si

178 2592 445 2651 Ciceronem,
485 2594 572 2650 qui,
610 2593 865 2649 ubicumque
893 2592 999 2637 alibi
1027 2592 1083 2638 de
1110 2593 1283 2639 aethere
1312 2595 1508 2652 loquitur,
1536 2595 1596 2640 ad
1623 2596 1739 2642 Aac·

178 2678 368 2721 xagorae
409 2665 690 2721 veriloquium
725 2665 900 2722 respicit
933 2664 1006 2722 (cf.
1032 2665 1092 2721 11,
1133 2669 1201 2722 15,
1236 2668 1317 2722 415
1357 2669 1426 2722 24,
1456 2668 1532 2724 643
1568 2669 1640 2725 36,
1669 2670 1740 2723 91,

180 2738 255 2793 923
293 2739 375 2795 40,
415 2738 549 2796 101.),
589 2738 636 2783 in
664 2736 869 2784 vertendo
896 2736 1065 2782 Graeco
1091 2738 1226 2784 verbo
1251 2738 1363 2784 hanc
1389 2738 1738 2796 depravationem

179 2809 442 2866 commisisse
456 2810 764 2866 existimamus,
784 2823 915 2866 quam
934 2809 1108 2864 quidem
1122 2811 1350 2866 quominus
1362 2811 1421 2855 ad
1433 2810 1740 2868 confutandam

179 2880 426 2926 Aristotelis
438 2882 695 2928 sententiam
724 2881 964 2939 adhiberet,
992 2881 1111 2930 hand
1139 2883 1228 2928 scio
1252 2896 1311 2927 au
1336 2895 1390 2927 eo
1415 2882 1647 2940 impeditus
1671 2882 1741 2941 sit,

176 2953 294 3008 qued
321 2953 597 3003 manfiestum
617 2954 772 3004 ,facere
799 2953 1000 3001 fraudem
1027 2954 1254 3001 dubitavit.

1577 3024 1606 3067 3
