1945 3260
819 163 1105 204 ...w-

235 278 275 317 3.
303 283 395 331 mle?
410 271 586 319 ὀπαινετ
610 271 694 319 τὸν
713 269 789 319 ‘'O—
987 279 1027 318 ’1.
1055 269 1139 318 τὸν
1166 268 1288 330 α’έραῑ
1303 268 1392 330 γὰρ
1414 268 1555 324 αὐτὸν

235 350 273 389 4.
302 359 444 403 μηροὶ)
474 362 539 398 ως
566 343 623 391 οὐ
651 346 857 404 μυθικῶς
987 349 1025 390 8.
1056 344 1139 389 Δία
1165 343 1489 402 νομίζεινφησὶν

234 423 274 461 5.
304 414 400 461 ἀλλ’
426 414 615 476 άληθῶς
637 414 751 475 ὑπὲρ
778 420 861 462 τοῦ
985 423 1022 461 9.
1055 413 1217 473 ἐπειδὴ
1241 419 1335 459 ,πᾶν
1362 415 1471 459 εἰδέ-

234 493 273 532 6.
304 489 431 537 θείου
460 490 767 547 διειλεγμένον.
956 493 1023 533 10.
1051 504 1128 533 ναι
1155 485 1237 533 τὸν
1266 487 1465 545 Λὶαλέγει
1491 489 1574 532 καὶ.

314 560 489 605 summo
523 564 616 606 iure
655 562 884 618 miramur,
923 561 1041 617 qnod
1068 561 1279 605 Homerus
1309 574 1451 605 aerem
1472 560 1620 606 Jovem
1649 574 1745 606 cen-

176 634 316 680 suisse
348 634 527 686 dicitur,
559 648 654 679 cum
683 648 822 690 neque
851 636 895 677 in
924 634 1114 678 eiusdem
1144 634 1417 686 carminibus,
1457 635 1570 690 quod
1599 635 1744 689 sciam,

178 718 320 760 neque
343 707 387 748 in
418 720 563 750 eorum
596 706 767 751 scholiis
797 706 930 749 ullum
956 705 1084 749 huius
1113 706 1310 762 opinonis
1342 705 1563 762 vestigium
1593 709 1745 749 exstet.

177 777 241 820 De
261 791 368 821 vera*
388 779 521 832 igitur
541 777 693 822 horum
721 765 946 822 verborum
976 777 1287 834 significatione
1314 777 1526 820 meditans
1553 777 1598 819 in
1627 775 1745 820 haud

174 849 500 903 improbabilem
535 849 683 893 videor
719 849 824 892 mihi
864 851 1151 894 coniecturam
1181 848 1396 905 incidisse,
1425 862 1553 904 quam
1581 849 1618 892 si
1647 862 1745 904 pro·-

173 919 323 975 feram,
352 934 419 962 me
436 934 521 963 non
548 921 662 964 ultra
680 921 807 964 huius
837 922 1141 976 disputationis
1170 921 1375 963 terminos
1405 919 1746 974 exspatiatur-um

174 1005 270 1048 esse
303 991 431 1046 duxi,
475 993 731 1048 praesertim
768 1007 862 1036 cum
908 992 1151 1049 Gomperzii
1193 991 1521 1035 commentarius
1556 989 1746 1034 nondum

174 1064 233 1106 sit
265 1063 418 1106 editus.
480 1063 607 1115 Quod
645 1068 757 1108 enim
789 1066 864 1108 alii
892 1070 1057 1108 veteres
1085 1063 1339 1120 philosophi,
1369 1077 1424 1106 ne
1453 1062 1583 1105 ullam
1612 1056 1746 1117 popu-

175 1133 340 1176 laribus
382 1134 471 1176 suis
502 1135 791 1190 suspicionum
823 1135 1187 1191 offensionumque
1215 1148 1365 1178 ansam
1394 1134 1579 1190 darent,
1604 1132 1747 1177 facere

176 1205 290 1248 soliti
312 1210 424 1262 sunt,
453 1211 503 1249 ut
519 1208 711 1263 opinioni
731 1210 942 1252 communi
967 1223 1094 1264 quam
1115 1208 1299 1252 maxime
1316 1207 1536 1261 servirent,
1566 1205 1747 1249 eandem

174 1276 385 1319 rationem
412 1276 647 1332 Diogenem
679 1292 849 1334 qnoque
877 1280 1026 1323 iniisse
1054 1279 1169 1322 haud
1199 1292 1330 1334 aegre
1355 1278 1482 1321 nobis
1512 1276 1745 1333 persuade-

174 1361 279 1390 mus.
339 1348 514 1403 Itaque,
554 1363 608 1393 ne
642 1351 789 1405 populi
827 1351 1030 1394 invidiam
1068 1351 1255 1405 subiret,
1294 1350 1477 1392 maxime
1513 1349 1746 1392 novitatem

173 1418 396 1462 doctrinae
423 1433 528 1463 suae
555 1420 765 1464 minutum
794 1423 848 1464 iri
879 1423 1095 1478 opinatus,
1131 1422 1168 1464 si
1196 1420 1451 1476 locupletem
1481 1419 1572 1463 eius
1602 1421 1745 1462 aucto-

170 1503 262 1532 rem
301 1491 573 1546 protulisset,
611 1492 809 1548 Homeri,
846 1496 920 1549 qui
956 1495 1073 1549 apud
1113 1506 1259 1536 omnes
1301 1492 1532 1548 plurimum
1562 1490 1745 1543 valebat,

172 1562 417 1616 opinionem
447 1563 732 1619 theologicam
757 1571 846 1607 tam
877 1565 1059 1608 solerter
1090 1565 1401 1618 interpretatus
1428 1566 1513 1612 est,
1553 1566 1613 1604 ut.
1626 1561 1746 1604 hicce

170 1632 424 1675 veterrimus
456 1633 572 1677 illius
613 1634 836 1678 doctrinae
862 1636 1069 1691 magister
1098 1635 1249 1678 haberi
1278 1636 1438 1689 posset.
1499 1631 1649 1687 Neque
1679 1636 1741 1675 ta-

169 1717 269 1747 men
308 1704 366 1748 ad
403 1705 613 1749 eiusmodi
652 1706 1023 1752 ratiocinationem
1054 1706 1360 1750 conficiendam
1391 1706 1502 1749 viam
1530 1709 1620 1748 tam
1649 1718 1744 1760 per-

169 1790 338 1821 versam
368 1780 414 1820 et
443 1778 681 1833 captiosam
709 1779 825 1834 iniit,
868 1793 996 1833 quam
1027 1779 1143 1835 apud
1174 1777 1466 1821 Philodamum
1493 1776 1744 1832 reperimus,

171 1849 291 1892 cuius
321 1848 537 1893 conclusio
575 1850 637 1893 sic
667 1849 759 1893 fere
788 1851 1023 1906 procedere
1055 1852 1239 1894 videtur:
1272 1864 1348 1894 aer
1378 1849 1582 1904 Diogenis
1610 1847 1741 1891 omni·

171 1909 241 1961 um
281 1933 425 1962 rerum
466 1924 535 1963 est
566 1921 842 1978 intellegens3
886 1924 1008 1978 atqui
1038 1922 1249 1965 Homerus
1280 1921 1427 1964 Jovem
1464 1913 1607 1962 omnia
1633 1920 1744 1963 scire

170 1991 383 2036 declarat:
430 1990 632 2048 Juppiter
667 2006 771 2050 ergo
802 1993 979 2038 Homeri
1013 2009 1089 2038 aer
1129 1993 1350 2050 putandus
1379 1996 1458 2035 est.
1521 1990 1606 2035 Sed
1631 1989 1743 2036 hanc

169 2063 404 2107 absurdam
427 2064 742 2108 conclusionem
772 2079 859 2108 non
890 2066 1019 2110 dubie
1049 2066 1116 2109 vel
1138 2065 1385 2108 Philodemo
1414 2065 1510 2119 ipsi,
1537 2064 1616 2119 vel,
1645 2077 1742 2106 cum

165 2121 240 2178 hic
260 2147 431 2190 quoque
448 2128 675 2192 σύνταγμα
699 2136 916 2192 quoddam
934 2137 1132 2182 videatur
1149 2136 1410 2188 adhibuisse,
1438 2136 1512 2181 alii
1530 2135 1742 2192 Epicureo

169 2206 402 2261 adsignare
440 2206 667 2259 debemus,
707 2210 780 2264 qui
818 2210 946 2254 solita
975 2224 1054 2254 sua
1084 2210 1258 2253 levitate
1288 2209 1491 2265 Diogenis
1520 2222 1742 2265 argumen-

169 2278 377 2322 tationem
405 2278 452 2321 in
479 2279 599 2323 illam
625 2294 834 2325 summam
866 2283 1139 2327 contraxerit.
1678 2271 1692 2282 ”

308 2349 376 2392 Ne
405 2353 549 2393 tamen
581 2351 830 2396 Ciceronem
863 2355 1015 2398 ducem
1045 2358 1205 2397 temere
1236 2365 1474 2407 sequamur,
1503 2365 1612 2394 nova
1638 2352 1742 2394 utri-

169 2434 306 2478 usque
326 2416 548 2479 scriptoris
580 2424 873 2482 discrepantia
901 2425 1200 2483 prohibemur:
1237 2423 1485 2469 Philodemo
1512 2423 1626 2467 enim
1655 2427 1741 2468 sta-

169 2495 246 2536 tim
285 2508 314 2537 a
359 2493 553 2550 Diogene
598 2495 655 2540 ad
697 2496 927 2541 Prodicum
973 2497 1208 2554 sophistam
1256 2500 1529 2551 transgresso
1575 2495 1740 2540 Tullius

169 2569 327 2618 noster,
359 2566 433 2621 qui
449 2565 671 2611 Platonem
690 2566 793 2612 fecit
812 2571 1066 2625 proximum,
1096 2569 1216 2612 illum
1237 2567 1368 2612 Ceum
1397 2568 1442 2610 in
1470 2570 1563 2610 tota
1590 2567 1739 2611 a’dum-

171 2637 367 2680 bratione
387 2640 638 2682 memoravit
656 2654 880 2696 nusquam.
940 2642 1042 2686 Sine
1072 2641 1202 2685 dubio
1231 2640 1396 2683 scilicet
1424 2637 1597 2694 Sauppe
1622 2643 1740 2684 recte

169 2708 227 2752 ad
266 2707 495 2753 Prodicum
542 2712 711 2756 rettulit
746 2713 853 2758 illud
889 2714 1175 2772 fragmentum
1188 2747 1198 2766 ,
1237 2712 1352 2769 quod
1394 2711 1512 2756 nullo
1550 2713 1739 2757 auctoris

169 2781 340 2825 nomine
371 2781 561 2825 indicato
592 2798 662 2840 pg.
694 2789 761 2828 71·
789 2790 952 2831 exstat:

227 2858 253 2897 3
298 2885 307 2893 .
337 2885 348 2896 .
377 2885 387 2895 .
417 2848 525 2904 τοὺς
550 2849 707 2910 ‘leubae'
997 2860 1036 2902 7.
1065 2873 1152 2914 ναι,
1177 2853 1285 2908 τοὺς
1314 2856 1363 2899 δε
1393 2849 1594 2912 καρπούς

226 2930 267 2968 4.
299 2920 627 2983 (ρ)α’νθρω’πων
650 2932 818 2984 νομιζο-
995 2934 1035 2974 8.
1063 2930 1136 2973 καὶ
1163 2926 1294 2973 πάνθ
1320 2923 1440 2979 ὅλως
1468 2923 1524 2971 τὰ
1551 2922 1659 2983 πρή-
1716 2977 1721 2982 Δ
