1945 3260
817 175 1105 219 „33-

183 290 339 337 omnen
367 293 440 337 ille
468 291 692 349 physicam
715 289 772 334 de
798 288 939 334 medio
962 289 1149 345 sustulit,
1186 303 1316 346 quam
1345 305 1401 335 ex
1428 290 1741 337 moestitudine

185 378 271 419 qua
302 379 398 410 eum
416 360 666 419 Cyrenaicis
685 367 777 406 erat
804 362 1063 406 coniunctus.
1122 363 1191 406 Illi
1217 365 1345 419 enim,
1370 364 1566 420 inprimis
1595 368 1740 407 autem

165 435 445 492 <Tbeodorus,
460 448 613 480 omnen
629 434 683 478 de
699 433 785 477 diis
801 433 1041 490 opinionem
1064 433 1337 491 sustulerant,
1354 435 1563 491 Epicurus
1583 442 1740 486 autem,

182 509 262 552 etsi
291 508 416 562 deos,
452 508 600 563 procul
629 519 702 549 eos
731 505 908 560 >quidem
939 519 965 547 a
994 506 1140 548 mundi
1182 506 1549 551 administratione
1580 519 1740 551 rerum-

120 592 125 596 ·
177 590 264 634 ‘que
290 577 572 622 humanarum
593 576 903 634 procuratione,
935 575 981 618 in
996 576 1291 620 intermundiis
1310 578 1520 622 collocans
1537 577 1739 635 servavit,

181 654 294 702 recte
323 654 467 693 tamen
494 663 518 693 e
550 649 880 706 Cyrenaicorum
917 647 1061 691 schola
1089 649 1279 693 evasisse
1308 650 1586 706 credebatur;
1624 650 1739 694 unde

97 760 103 764 .
181 733 443 776 consequens
482 724 595 776 erat,
642 719 761 780 illum
801 719 1056 775 Epicureum
1070 754 1080 769 ‚
1121 720 1187 763 cui
1227 720 1339 763 hanc
1374 721 1740 765 adumbrationem

183 792 399 849 debemus,-
429 805 567 847 neque
597 791 858 847 Aristippum
888 782 967 834 nec
995 790 1257 847 Cyrenaicos
1284 792 1596 848 reprehendere
1621 796 1739 848 potu·

183 864 283 922 isse,
310 864 412 920 quin
442 864 487 908 in
508 864 647 921 ipsum
667 864 921 920 magistrum
952 862 1232 920 suspicionem
1260 867 1552 909 commoveret.
1609 863 1745 909 Caute

182 936 535 993 igitnr‘omnem,
580 949 691 990 quae
726 935 842 979 illius
880 935 1207 978 necessitudinis
1250 936 1501 979 memoriam
1537 947 1743 980 renovare

181 1012 343 1065 posset,
374 1009 638 1052 occasionem
668 1007 891 1064 effugiens,
921 1009 976 1050 ne
1002 1007 1046 1049 in
1077 1019 1175 1050 suos
1199 1007 1316 1063 ipsos
1344 1011 1535 1051 armaret
1547 1007 1745 1051 inimicos

181 1093 266 1124 nou
295 1080 452 1124 iniuria
468 1080 697 1137 Epicurum
721 1084 984 1136 accusanteS,
1015 1079 1128 1135 quod
1149 1094 1315 1124 omnem
1339 1081 1602 1139 religionem,
1630 1095 1743 1138 quae

182 1152 353 1213 quidem
384 1166 486 1197 vere
517 1153 580 1196 sic
609 1152 791 1197 dicenda
819 1156 950 1208 esset,
979 1152 1173 1196 funditus
1197 1153 1437 1199 sustulisset
1456 1158 1499 1199 et
1527 1168 1582 1199 ex
1609 1154 1743 1199 homi·

174 1238 284 1288 *num
313 1216 471 1268 animis
504 1224 730 1281 evellisset,
761 1224 951 1268 consulto
980 1224 1243 1282 Aristippum
1272 1225 1485 1270 oblivione
1514 1226 1665 1270 obruit.

320 1326 445 1369 Nunc
473 1338 572 1369 vero
593 1324 889 1381 Speusippum,
921 1325 995 1380 qui
1024 1326 1193 1369 Platoni
1209 1327 1422 1371 avunculo
1452 1327 1498 1371 in
1517 1326 1743 1372 academia

184 1397 399 1453 successit,
430 1396 474 1439 in
501 1396 793 1452 quaestionem
823 1409 1032 1441 vocemus.
1093 1398 1160 1441 De
1186 1411 1269 1453 quo
1283 1396 1576 1444 Philodemum
1604 1399 1743 1458 eopio-

185 1469 288 1524 sius,
318 1481 448 1523 quam
476 1469 542 1511 ex‘
555 1467 772 1512 Ciceronis
797 1468 940 1512 verbis
969 1470 1177 1525 collegere
1204 1470 1315 1526 licet,
1340 1471 1496 1528 egisse,
1523 1472 1745 1529 fragma-

183 1545 273 1586 tum
298 1540 472 1597 indicat,
501 1540 615 1596 quod
638 1554 708 1597 pg.
738 1543 762 1584 7
767 1543 805 1586 2.
837 1544 860 1584 7
872 1541 911 1584 b.
942 1541 1035 1585 sine
1058 1542 1142 1585 ullo
1171 1541 1344 1596 quidem
1369 1543 1555 1588 auctoris
1572 1545 1744 1590 nomine

183 1614 359 1671 legitur:

243 1688 282 1730 4.
312 1684 456 1743 ψυχὰς
483 1687 578 1731 τῶν
607 1686 760 1729 καλῶν
788 1681 866 1729 κᾶ-
981 1686 1020 1728 6.
1051 1679 1257 1742 δυνάμεις
1276 1683 1394 1731 πολὺ
1423 1703 1499 1731 κα-

243 1759 283 1801 5.
311 1759 471 1814 γαθῶν
503 1758 629 1809 θείας
657 1757 799 1814 λέγων
982 1759 1022 1800 7.
1052 1756 1337 1814 ταδεεστέρας
1361 1759 1434 1801 καὶ
1458 1757 1523 1802 ἐλ-

981 1830 1019 1873 8.
1047 1823 1292 1882 λειπούσας.

326 1916 481 1961 Refero
510 1917 624 1961 enim
652 1916 764 1960 sicut
791 1916 976 1971 Sauppe,
1006 1928 1267 1970 quamquam
1283 1916 1492 1974 Gomperz
1520 1918 1746 1962 dissentire

188 1988 381 2045 videtur,
410 1989 565 2045 quippe
606 2000 760 2031 nomen
789 1987 1015 2043 Speusippi
1047 1987 1093 2030 in
1131 1987 1317 2032 indicem
1353 2002 1438 2032 non
1472 1989 1649 2046 recepit,
1687 1988 1747 2033 ad

187 2060 303 2105 illius
331 2060 577 2105 Academici
605 2059 660 2104 de
688 2060 929 2106 animorum
967 2058 1283 2104 immortalitate
1321 2060 1579 2117 doctrinam,
1617 2073 1749 2117 quam

189 2146 244 2176 ex
270 2132 560 2189 olympiodori
590 2132 891 2176 commentario
917 2131 977 2174 ad
1008 2131 1277 2175 Phaedonem
1306 2134 1543 2190 conscripto
1570 2145 1748 2189 coguos-

190 2204 343 2260 cimus,
375 2204 447 2247 ubi
474 2205 581 2252 haec
617 2204 873 2260 reperimus:
914 2200 955 2245 οἱ
981 2202 1029 2245 δὲ
1055 2202 1181 2259 μέχρι
1206 2204 1284 2260 τῆς
1307 2199 1488 2261 ἀλογίας
1516 2200 1750 2247 ἀπαθανα-

189 2275 405 2332 vicecom,
441 2269 505 2327 ὥς
544 2278 639 2319 τῶν
667 2275 748 2332 μὲν
783 2275 990 2318 παλαιῶν
1026 2269 1306 2332 Ξενοκράτης
1336 2276 1413 2326 ,καὶ
1447 2269 1751 2333 Σπεύσιππος,

190 2347 285 2390 τῶν
316 2346 364 2390 δὲ
392 2348 626 2405 νεωτερῶν
652 2341 887 2404 Ἰάμβλιχος
909 2346 983 2388 καὶ
1010 2342 1309 2406 Πλούταρχος.

332 2447 499 2499 Quibus
528 2461 583 2492 ex
606 2447 751 2491 verbis
775 2446 1058 2503 Speusippum
1095 2447 1231 2491 clucet
1259 2461 1344 2491 non
1377 2448 1631 2492 rationalem
1659 2453 1752 2492 tan-

194 2521 297 2574 tum,
328 2518 404 2562 sed
442 2523 485 2562 et
508 2518 797 2562 irrationalem
829 2517 964 2561 animi
1001 2521 1164 2574 partem
1182 2549 1187 2553 -
1203 2517 1488 2563 immortalem
1524 2519 1752 2562 iudicasse.

194 2589 307 2633 Huic
345 2596 488 2635 autem
528 2590 764 2634 sententiae
802 2589 1101 2634 convenienter
1136 2588 1424 2645 fragmentum
1462 2594 1655 2634 nostrum
1689 2589 1754 2634 sic

196 2663 386 2719 suppleri
428 2666 585 2720 potest,
630 2666 677 2706 ut
712 2662 974 2719 Speusippus
1026 2661 1229 2705 bonorum
1271 2664 1438 2706 animos
1473 2662 1633 2707 dixerit
1669 2676 1756 2707 non

196 2734 376 2777 multum
391 2734 543 2778 cedere
570 2735 613 2778 vi
642 2734 834 2790 animali,
854 2747 966 2789 quae
991 2733 1174 2777 eundem
1188 2737 1318 2788 atque
1334 2733 1526 2778 Platonis
1545 2735 1755 2779 universa

198 2817 321 2848 meus
356 2804 507 2849 diviua
548 2805 684 2849 locum
722 2809 850 2849 tenet⁶
910 2805 995 2850 Sed
1041 2804 1085 2847 in
1120 2804 1338 2849 Ciceronis
1383 2806 1634 2850 narratione
1676 2819 1755 2850 nos

197 2867 374 2932 longius
394 2877 554 2920 morari
583 2889 668 2920 non
697 2889 804 2933 opus
832 2880 910 2932 est,
936 2875 1203 2934 quiapeque
1216 2875 1488 2920 Philodemus
1515 2876 1617 2920 utile
1630 2876 1754 2931 quid·

199 2959 329 3004 quam
352 2947 476 2992 nobis
504 2947 800 2995 subministrat
846 2960 986 3004 neque
1010 2946 1185 2991 aliunde
1212 2957 1379 3005 eorum,
1415 2960 1527 3003 quae
1555 2947 1755 3006 Speusip-
